1742 2651
137 832 176 854 10

131 1486 169 1506 20

602 123 712 158 EPI'.
746 123 822 158 M)
854 122 1112 160 A'r'rlcvix'i
1460 123 1569 159 XIV.
1594 122 1671 159 xiv

202 239 239 268 te
266 230 410 269 litteras
435 243 474 268 vl
504 233 589 269 Kal.
614 232 705 269 satis
733 231 864 270 multis
892 232 1029 278 verbis,
1054 232 1175 270 tribus
1202 234 1280 270 fere
1308 232 1412 269 horis
1440 240 1528 282 post

199 295 333 344 accepi
366 303 451 333 tuas
483 304 520 333 et
556 296 686 346 magni
718 296 880 345 quidem
916 295 1111 345 ponderis.
1178 297 1317 345 Itaque
1348 296 1433 334 ioca
1463 304 1529 334 tua

199 362 315 410 plena
346 360 572 398 facetiarum
608 362 657 399 de
692 361 841 399 haeresi
867 360 1099 399 Vestoriana
1120 368 1157 399 et
1185 362 1235 398 de
1260 361 1527 401 †Pherionum

199 431 330 465 more†
354 428 572 464 Puteolano
589 426 716 464 risisse
738 440 801 464 me
822 426 912 464 satis
935 426 1029 464 nihil
1047 434 1104 465 est
1122 439 1282 465 necesse
1304 427 1524 465 rescribere.

199 494 474 542 Πολιτικώτερα
494 492 558 530 illa
579 492 792 530 videamus.

254 558 313 594 Ita
346 559 487 595 Brutos
528 557 790 606 Cassiumque
829 557 1008 595 defendis
1044 557 1154 607 quasi
1189 570 1257 595 eos
1297 571 1369 607 ego
1404 570 1569 608 repre-2

196 622 394 668 hendamg
425 635 524 671 quos
546 621 637 659 satis
658 623 816 660 laudare
838 635 917 659 non
939 635 1110 671 possum.
1172 624 1320 660 Rerum
1342 636 1414 672 ego
1435 623 1527 661 vitia

196 686 360 735 conlegi,
388 700 468 724 non
501 686 718 724 hominum.
788 687 951 725 Sublato
985 687 1089 725 enim
1124 695 1288 736 tyranno
1321 688 1527 736 tyrannida

196 765 354 789 manere
381 751 507 789 video.
574 753 677 789 Nam
708 765 809 801 quae
839 751 902 789 ille
933 753 1102 789 facturus
1133 765 1213 789 non
1244 751 1314 789 fuit
1340 765 1385 790 ea
1415 753 1524 799 fiunt,

196 824 237 854 ut
276 818 326 854 de
366 816 510 855 Clodio
555 818 605 855 de
646 830 725 866 quo
775 816 870 854 mihi
915 818 1159 866 exploratum
1203 825 1260 854 est
1296 817 1405 855 illum
1446 831 1525 855 non

196 883 317 919 modo
338 896 418 920 non
444 883 637 920 facturum
665 884 734 920 sed
755 882 871 920 etiam
900 896 949 920 ne
977 896 1181 932 passurum
1205 883 1365 932 quidem
1394 883 1522 921 fuisse.

194 949 387 997 Sequetur
432 949 551 985 Rufio
591 948 858 994 Vestorianus‚
896 948 1032 986 Victor
1080 961 1296 997 numquam
1346 948 1522 998 scriptus,

193 1011 322 1059 ceteri,
352 1012 440 1062 quis
473 1014 582 1051 non?
631 1013 706 1052 Cui
742 1013 881 1051 servire
914 1012 986 1062 ipsi
1025 1026 1105 1050 non
1138 1012 1338 1062 potuimus
1373 1013 1456 1050 eius
1487 1013 1525 1050 li-

193 1077 304 1115 bellis
336 1091 528 1127 paremus.
592 1079 695 1115 Nam
724 1077 969 1115 Liberalibus
1000 1076 1086 1126 quis
1116 1077 1243 1126 potuit
1274 1077 1314 1114 in
1345 1086 1524 1115 senatum

192 1156 272 1180 non
306 1143 467 1181 venire?
517 1145 594 1181 Fac
629 1143 668 1181 id
703 1143 877 1193 potuisse
911 1143 1044 1192 aliquo
1080 1144 1226 1189 modo3
1265 1156 1360 1180 num
1393 1143 1526 1190 etiam,

191 1221 281 1245 cum
305 1208 558 1255 venissemus,
579 1208 699 1246 libere
720 1208 919 1258 potuimus
943 1207 1178 1246 sententiam
1201 1208 1360 1246 dicere?
1390 1221 1524 1246 nonne

191 1274 297 1310 omni
339 1274 489 1312 ratione
528 1274 699 1312 veterani
738 1274 804 1323 qui
843 1274 980 1311 armati
1020 1274 1182 1311 aderant
1222 1287 1312 1311 cum
1353 1273 1521 1323 praesidi

191 1353 262 1376 nos
293 1339 389 1377 nihil
411 1340 645 1378 haberemus
666 1339 907 1377 defendendi
929 1340 1114 1376 fuerunt?
1164 1340 1277 1376 Illam
1306 1339 1521 1376 sessionem

191 1405 455 1454 Capitolinam
488 1405 582 1443 mihi
614 1419 693 1443 non
722 1405 914 1455 placuisse
942 1413 982 1442 tu
1012 1404 1119 1442 testis
1150 1418 1201 1441 es.
1263 1404 1371 1452 Quid
1402 1407 1523 1454 ergo?

190 1469 261 1507 ista
282 1472 397 1520 culpa
415 1473 655 1509 Brutorum?
705 1470 873 1508 Minime
894 1470 1047 1507 illorum
1070 1469 1231 1519 quidem
1262 1471 1331 1507 sed
1356 1470 1521 1508 aliorum

190 1535 392 1573 brutorum
421 1536 486 1585 qui
519 1550 559 1573 se
589 1544 726 1573 cautos
760 1549 805 1573 ac
841 1535 1026 1583 sapientis
1056 1542 1195 1584 putant
1210 1549 1219 1581 3
1255 1534 1398 1584 quibus
1429 1535 1521 1573 satis

187 1600 258 1637 fuit
290 1601 434 1647 laetari,
468 1614 547 1639 non
589 1601 704 1638 nullis
744 1600 860 1639 etiam
900 1599 1091 1649 gratulari,
1126 1600 1242 1637 nullis
1277 1613 1516 1649 permanere.

187 1666 265 1703 Sed
300 1666 506 1715 praeterita
540 1665 792 1711 omittamus;
834 1665 927 1703 istos
968 1664 1075 1702 omni
1115 1678 1207 1702 cura
1242 1665 1560 1715 praesidioque3

187 1737 367 1768 tueamur
394 1739 442 1777 et,
466 1744 584 1780 quem
614 1732 664 1768 ad
693 1731 856 1768 modum
885 1738 925 1767 tu
954 1729 1159 1778 praecipis,
1179 1729 1354 1767 contenti
1379 1730 1517 1767 Idibus

189 1794 340 1832 Martiis
376 1795 524 1841 simus3
564 1808 665 1844 quae
704 1795 865 1844 quidem
905 1794 1046 1831 nostris
1084 1793 1221 1831 amicis
1256 1794 1397 1831 divinis
1430 1794 1518 1832 viris

185 1859 335 1897 aditum
375 1862 425 1898 ad
460 1862 611 1898 caeluni
652 1861 856 1903 dederunt,
889 1859 1107 1896 libertatem
1148 1861 1297 1908 populo
1333 1861 1517 1897 Romano

186 1937 265 1961 non
287 1926 491 1963 dederunt.
556 1925 778 1962 Recordare
803 1932 878 1961 tua.
941 1925 1086 1961 Nonne
1115 1923 1326 1961 meministi
1348 1925 1517 1962 clamare

184 1997 222 2026 te
252 1990 384 2027 onmia
416 1990 559 2039 perisse
590 1990 620 2026 si
650 1990 711 2027 ille
743 1990 876 2026 sunere
907 1990 1030 2026 elatus
1065 1990 1196 2026 esset?
1245 1989 1447 2038 Sapienter
1476 1990 1515 2028 id

184 2053 356 2102 quidem.
419 2056 558 2104 Itaque
583 2069 628 2092 ex
655 2068 703 2092 eo
730 2068 830 2103 quae
860 2053 1052 2090 manarint
1075 2053 1193 2090 vides.

239 2120 352 2167 Quae
374 2120 509 2157 scribis
534 2122 581 2157 K.
603 2119 726 2157 Iuniis
747 2118 967 2156 Antonium
989 2119 1038 2155 de
1060 2117 1269 2167 provinciis
1291 2121 1511 2164 relaturum,
1534 2130 1558 2166 4

185 2192 225 2220 ut
255 2192 291 2222 et
320 2185 402 2234 ipse
434 2185 579 2222 Gallias
610 2185 752 2222 habeat
782 2192 819 2222 et
848 2183 1022 2232 utrisque
1052 2183 1135 2220 dies
1166 2193 1404 2233 prorogetur,
1429 2184 1514 2222 lice<

226 2298 246 2326 3
272 2288 494 2328 Pherionum]
509 2288 652 2328 φυσικῶν
671 2288 774 2318 Reid:
801 2289 972 2317 rhetorum
994 2286 1115 2316 Gen-litt
1266 2298 1298 2317 11
1327 2289 1425 2318 etiam
1444 2289 1511 2318 secl.

183 2330 277 2361 Beier
403 2343 440 2362 12
475 2332 577 2362 Rufio
604 2330 721 2362 Mam:
758 2331 849 2361 Rufo
878 2330 917 2359 llsl
1052 2341 1088 2369 14
1123 2331 1178 2369 qui
1205 2332 1298 2370 potui
1326 2333 1403 2361 som.
1433 2331 1518 2362 Boot

184 2385 224 2412 24
250 2376 417 2415 praecipis
438 2374 620 2406 CEOMsss:
646 2375 733 2414 petis
751 2373 801 2404 M¹
825 2374 912 2404 Crat.
