1742 2651
83 104 193 141 XVI.
212 103 290 140 xiv
613 101 668 137 M.
701 100 868 136 TVLLI
901 99 1208 138 CICERONIS

200 427 216 452 1

283 233 391 268 XIV
438 235 507 267 Ser.
525 235 560 266 in
576 233 739 274 Arpinati
754 231 858 263 medio
875 242 984 262 meuse
993 231 1174 262 Novembri
1186 241 1216 262 a.
1238 241 1296 271 710
1313 232 1402 272 (44).

647 319 820 351 CICERO
850 319 1031 350 ATTICO
1063 318 1169 350 SAL.

294 412 402 450 Nihil
438 419 517 449 erat
553 412 668 460 plane
703 409 811 459 quod
847 407 1069 446 scriberem.
1138 409 1241 446 Nam
1277 422 1368 446 cum
1404 408 1577 448 Puteolis

237 492 376 524 essem,
400 476 545 515 cotidie
570 474 721 525 aliquid
748 473 841 512 novi
862 475 912 512 de
934 473 1165 519 Octaviano,
1190 475 1313 512 multa
1337 474 1456 513 etiarn
1482 475 1579 512 falsa

238 545 287 582 de
310 542 497 581 Antonio.
558 543 622 580 Ad
650 555 696 579 ea
724 548 857 579 autem
888 553 989 589 quae
1017 539 1204 589 scripsisti
1229 539 1312 590 (tris
1339 540 1444 578 enim
1472 554 1579 579 acce-

238 622 370 658 peram
395 620 439 645 111
459 608 555 646 Idus
575 620 598 644 a
614 614 652 644 te
673 604 888 656 epistulas),
905 605 1019 642 valde
1036 603 1106 642 tibi
1127 604 1340 652 adsentior,
1357 604 1388 642 si
1410 606 1579 643 multum

239 673 362 723 possit
384 671 635 718 Octavianus,
660 672 784 708 multo
812 669 961 707 firmius
988 676 1075 707 acta
1097 669 1249 718 tyranni
1277 670 1579 720 comprobatum

240 737 283 776 iri
316 751 435 787 quam
474 737 513 774 in
552 735 720 774 Telluris
752 743 870 784 atque
909 734 949 772 id
984 741 1121 772 contra
1157 736 1321 772 Brutum
1356 736 1447 773 fore.
1512 734 1580 773 Sin

241 810 373 841 autem
394 802 571 847 vincitur,
590 801 700 839 vides
721 799 1007 838 intolerabilem
1029 799 1264 845 Antonium,
1285 806 1326 837 ut
1347 813 1465 849 quem
1487 799 1580 838 velis

200 882 223 908 2
244 867 404 906 nescias.
467 868 502 905 O
525 865 623 904 Sesti
646 864 890 903 tabellarium
919 863 1123 902 hominem
1151 867 1347 913 nequam!
1387 864 1581 903 Postridie

244 932 418 971 Puteolis
448 934 601 969 Romae
631 944 672 968 se
702 930 798 968 dixit
828 931 919 967 fore.
982 929 1103 977 Quod
1133 942 1197 966 me
1227 942 1365 967 mones
1395 936 1437 967 ut
1466 930 1581 979 pede-

244 996 674 1047 tempti1n‚adsenti01·3
699 995 770 1033 etsi
786 994 896 1032 aliter
912 993 1145 1043 cogitabam.
1193 994 1279 1032 Nec
1300 1007 1363 1032 me
1377 993 1582 1044 Philippus

242 1070 310 1101 aut
332 1063 543 1100 Marcellus
573 1068 713 1098 movet.
773 1059 863 1097 Alia
890 1058 995 1097 enim
1023 1071 1159 1096 eorum
1184 1057 1281 1096 ratio
1301 1063 1357 1095 est
1374 1065 1421 1105 et,
1446 1058 1477 1096 si
1502 1072 1582 1096 non

244 1136 313 1175 est,
341 1135 473 1165 tamen
503 1126 666 1164 videtur.
727 1126 805 1163 Sed
838 1124 876 1162 in
907 1124 982 1162 isto
1012 1123 1163 1170 iuvene,
1191 1136 1433 1173 quamquam
1462 1123 1583 1162 animi

245 1194 350 1241 satis)
366 1192 607 1231 auctoritatis
628 1205 765 1242 parum
788 1198 855 1229 est.
910 1191 1065 1227 Tamen
1085 1188 1185 1235 vide,
1205 1188 1236 1226 si
1257 1190 1354 1227 forte
1375 1188 1415 1226 in
1436 1190 1584 1226 Tuscu-

245 1261 336 1297 lano
366 1265 470 1296 recte
500 1270 585 1295 esse
615 1270 789 1306 possum,
819 1270 868 1294 ne
900 1254 940 1293 id
973 1253 1112 1292 melius
1144 1253 1202 1291 sit.
1264 1255 1343 1291 Ero
1375 1252 1584 1301 libentiusg

246 1323 342 1362 nihil
364 1323 469 1362 enim
491 1322 691 1371 ignorabo.
751 1323 815 1358 An
836 1319 911 1365 hic,
935 1333 1025 1357 cum
1047 1317 1246 1356 Antonius
1267 1317 1447 1356 venerit?

204 1397 228 1434 3
300 1390 390 1435 Sed,
418 1395 459 1426 ut
486 1386 593 1425 aliud
625 1400 671 1424 ex
700 1385 787 1431 alio,
819 1384 914 1422 mihi
946 1397 1027 1422 non
1061 1391 1118 1421 est
1151 1383 1318 1421 dubium
1348 1382 1444 1432 quin
1476 1383 1584 1432 quod

247 1454 387 1494 Graeci
411 1453 581 1501 καθῆκον,
604 1465 676 1490 nos
697 1450 914 1488 ‘officium’
971 1450 1019 1487 Id
1039 1456 1171 1486 autem
1194 1448 1290 1498 quid
1310 1448 1468 1486 dubitas
1489 1447 1584 1497 quin

246 1520 364 1559 etiam
392 1519 431 1556 in
459 1531 539 1556 rem
568 1516 768 1566 publicam
794 1516 990 1565 praeclare
1016 1515 1202 1553 caderet?
1250 1515 1396 1551 Nonne
1417 1512 1584 1551 dicimus

250 1589 258 1605 ‘
273 1585 481 1623 consulum
503 1582 688 1628 officium,
712 1588 869 1619 senatus
892 1579 1075 1625 officium,
1098 1577 1341 1628 imperatoris
1362 1577 1534 1616 officium
1549 1578 1586 1614 ²?

201 1656 227 1693 4
250 1651 449 1688 Praeclare
470 1647 679 1693 convenit3
705 1654 772 1684 aut
793 1647 843 1684 da
866 1646 1015 1684 melius.
1076 1646 1182 1682 Male
1204 1657 1333 1682 narras
1355 1644 1405 1681 de
1419 1642 1586 1693 Nepotis

248 1715 338 1753 filio.
380 1715 508 1752 Valde
530 1727 592 1751 me
615 1714 773 1750 hercule
796 1725 957 1750 moveor
978 1718 1017 1749 et
1039 1711 1203 1748 moleste
1223 1710 1314 1746 fero.
1358 1707 1585 1746 Nescieram

247 1780 411 1819 omnino
441 1793 526 1818 esse
556 1779 673 1817 istum
702 1791 877 1828 puerum.
939 1775 1152 1816 Caninium
1180 1773 1348 1824 perdidi,
1369 1772 1584 1819 hominem,

248 1847 356 1896 quod
380 1846 430 1883 ad
455 1859 518 1883 me
544 1844 693 1890 attinet,
717 1858 797 1882 non
822 1844 1027 1893 ingratum.
1086 1841 1391 1879 Athenodorum
1411 1838 1508 1876 nihil
1529 1846 1587 1876 est

250 1913 358 1961 quod
383 1912 547 1948 hortere.
609 1909 719 1947 Misit
747 1909 851 1947 enim
881 1908 974 1946 satis
1002 1908 1150 1945 bellum
1178 1907 1385 1954 ὑπόμνημα.
1446 1905 1587 1941 Grave-

250 1976 344 2023 dini,
360 1989 518 2025 quaeso,
537 1975 645 2013 omni
668 1974 817 2012 ratione
839 1972 1015 2011 subveni.
1066 1971 1141 2008 Avi
1162 1969 1217 2008 tui
1239 1981 1434 2019 pronepos
1455 1966 1588 2005 scribit

251 2043 301 2080 ad
329 2040 446 2091 patris
475 2040 551 2078 mei
579 2048 766 2090 nepotem
798 2052 838 2076 se
869 2053 914 2076 ex
943 2036 1070 2075 Nonis
1098 2035 1144 2073 iis
1174 2034 1317 2084 quibus
1346 2046 1417 2071 nos
1448 2045 1589 2081 magna

252 2106 442 2157 gessimus
485 2107 627 2144 aedem
669 2105 766 2155 Opis
814 2103 1096 2153 explicaturum
1137 2101 1256 2150 idque
1294 2101 1344 2138 ad
1384 2098 1585 2148 populum.

252 2171 418 2209 Videbis
448 2170 562 2220 igitur
592 2178 629 2208 ct
660 2170 814 2208 scribes.
880 2167 985 2206 Sexti
1016 2165 1205 2204 iudicium
1235 2171 1429 2214 exspecto.

297 2286 317 2313 4
341 2275 427 2305 salsa
444 2274 532 2304 Koclt
700 2283 738 2311 13
763 2277 815 2303 est
832 2271 906 2302 add.
943 2270 1133 2310 Wesenbmg
1317 2269 1355 2297 16
1379 2278 1420 2297 ne
1439 2266 1488 2307 id]
1510 2267 1588 2296 idne

254 2320 333 2349 coni.
353 2324 405 2358 as).
426 2317 546 2347 Lamb.
755 2326 796 2346 20
819 2316 961 2355 quadret
980 2314 1105 2344 lll'st‘llcr
1308 2321 1346 2341 21
1374 2310 1589 2350 imperatoris

256 2363 398 2392 officium
427 2362 536 2392 Crat:
563 2370 628 2391 0111.
654 2363 707 2391 ΣΔ
842 2370 881 2398 27
906 2358 971 2388 Avi
1001 2357 1173 2388 Muretus:
1196 2355 1253 2395 qui
1271 2354 1333 2385 M:
1367 2354 1514 2393 Quintus
1534 2353 1589 2383 avi

261 2405 400 2435 Vrsinus

1599 549 1616 581 5

1604 875 1642 897 10

1606 1524 1646 1545 20

1607 1847 1645 1879 25

1609 2171 1650 2202 30
