1742 2651
98 80 208 118 XVI.
226 80 256 116 ii
602 79 659 116 M.
690 78 859 115 TVLLI
892 77 1200 116 CICERONIS

287 192 349 230 De
377 190 546 229 Publilio
575 197 720 235 autem,
750 189 860 238 quod
886 188 1072 237 perscribi
1103 196 1266 238 oportet,
1301 201 1450 226 moram
1481 201 1563 226 non

230 264 328 306 puto
360 270 444 294 esse
476 255 708 293 faciendam.
769 254 848 291 Sed
879 267 969 290 cum
1004 253 1138 291 videas
1172 261 1363 303 quantum
1398 254 1448 291 de
1482 252 1564 291 iure

231 329 367 360 nostro
388 319 672 359 decesserimus
693 318 760 368 qui
788 319 838 356 de
866 317 1032 356 residuis
1053 330 1154 356 CCCC
1177 320 1247 356 HS
1269 317 1318 356 {E
1344 317 1565 367 praesentia

232 386 473 431 solverimus,
496 384 645 434 reliqua
675 383 944 429 rescribamus,
968 383 1077 432 loqui
1107 397 1197 421 cum
1228 397 1286 429 eo,
1310 383 1340 420 si
1370 382 1441 420 tibi
1460 382 1565 420 vide-

232 450 347 497 bitur,
376 449 520 500 poteris
548 462 638 486 eum
666 449 925 486 commodum
951 456 1129 485 nostrum
1156 456 1380 497 exspectare
1406 448 1562 494 debere,
1584 463 1601 495 5

189 529 214 556 2
234 528 324 553 cum
355 522 463 552 tanta
491 513 539 551 sit
568 526 591 551 a
619 512 734 551 nobis
764 512 911 549 iactura
940 513 1041 549 facta
1072 512 1172 550 iuris.
1233 514 1311 550 Sed
1340 512 1484 550 amabo
1514 520 1563 558 te,

234 580 287 617 mi
320 579 459 624 Attice,
493 578 672 628 (videsne
708 590 826 626 quam
862 577 1007 614 blande
1021 577 1065 626 ?),
1095 577 1229 615 omnia
1258 585 1400 622 nostra,
1433 577 1567 626 quoad

232 644 306 682 eris
347 646 511 690 Romae,
552 643 605 680 ita
642 642 775 691 gerito,
818 641 952 691 regito,
990 643 1209 691 gubernato
1240 650 1282 680 ut
1317 642 1413 679 nihil
1446 656 1470 679 a
1504 655 1566 680 me

233 717 445 758 exspectes.
507 708 760 756 Quamquam
800 706 905 744 enim
940 706 1089 756 reliqua
1127 707 1219 744 satis
1257 715 1349 756 apta
1387 715 1477 744 sunt
1515 707 1566 744 ad

235 775 483 817 solvendum,
496 780 627 810 tamen
646 773 687 809 fit
709 784 826 821 saepe
846 779 887 808 ut
910 771 933 808 ii
951 771 1016 821 qui
1035 772 1183 809 debent
1199 785 1279 810 non
1302 773 1566 821 respondeant
1588 789 1627 811 10

234 841 286 878 ad
317 848 482 888 tempus.
543 837 582 875 Si
612 837 708 887 quid
738 836 820 874 eius
851 836 959 874 modi
989 837 1185 884 acciderit,
1212 851 1261 875 ne
1291 837 1387 887 quid
1418 837 1489 875 tibi
1519 837 1568 875 sit

236 906 341 942 fama
366 917 453 942 mea
481 902 623 953 potius.
684 903 776 940 Non
804 903 926 939 modo
953 915 1108 940 versura
1134 915 1269 940 verum
1295 902 1412 940 etiam
1438 901 1569 940 vendi-

237 968 358 1015 tione,
380 968 409 1005 si
432 968 484 1006 ita
504 981 563 1006 res
584 974 708 1016 coget,
732 979 804 1004 nos
824 965 1053 1004 vindicabis.

193 1045 217 1082 3
294 1035 415 1071 Bruto
447 1040 536 1070 tuae
568 1032 717 1070 litterae
747 1038 878 1080 gratae
903 1039 1021 1069 erant.
1083 1031 1155 1069 Fui
1187 1032 1292 1070 enim
1318 1034 1425 1082 apud
1457 1032 1567 1070 illum

238 1099 380 1136 multas
400 1099 515 1135 horas
536 1096 575 1134 in
594 1096 753 1142 Neside,
769 1109 860 1134 cum
877 1097 995 1145 paulo
1015 1104 1106 1134 ante
1126 1105 1212 1134 tuas
1233 1097 1378 1135 litteras
1399 1097 1568 1147 accepis-
1591 1115 1626 1147 15

237 1176 331 1201 sem.
392 1161 589 1200 Delectari
619 1160 714 1198 mihi
744 1162 872 1198 Tereo
901 1161 1107 1199 videbatur
1136 1169 1173 1199 et
1204 1162 1349 1200 habere
1380 1162 1567 1200 maiorem

238 1227 363 1266 Accio
379 1240 498 1276 quam
512 1225 689 1264 Antonio
704 1225 877 1274 gratiam.
921 1225 1023 1262 Mihi
1042 1233 1173 1263 autem
1194 1240 1267 1275 quo
1287 1227 1446 1265 laetiora
1466 1235 1567 1273 sunt,

239 1306 287 1330 eo
308 1293 395 1342 plus
415 1290 609 1329 stomachi
625 1298 663 1328 et
679 1289 882 1328 molestiae
898 1297 955 1327 est
976 1291 1166 1339 populum
1186 1292 1412 1329 Romanum
1431 1306 1571 1330 manus

240 1370 329 1395 suas
359 1370 439 1394 non
467 1355 506 1393 in
533 1355 786 1394 defendenda
812 1368 851 1392 re
878 1354 1036 1403 publica
1063 1355 1133 1392 sed
1160 1355 1198 1392 in
1226 1357 1454 1405 plaudendo
1480 1370 1571 1395 con-

241 1435 404 1460 sumere.
484 1419 586 1458 Mihi
625 1419 787 1469 quidem
826 1418 1007 1457 videntur
1046 1419 1208 1457 istorum
1247 1420 1368 1458 animi
1411 1421 1569 1460 incendi
1591 1437 1631 1459 20

242 1488 359 1525 etiam
380 1487 430 1524 ad
452 1485 822 1535 repraesentandam
843 1483 1136 1533 improbitatem
1158 1498 1280 1523 suam.
1339 1487 1417 1524 Sed
1438 1494 1570 1525 tamen

386 1552 502 1588 ‘dum
524 1550 645 1587 modo
666 1550 827 1587 doleant
846 1548 1007 1598 aliquid,
1029 1550 1190 1587 doleant
1211 1550 1427 1600 quidlibet)

197 1627 223 1664 4
299 1615 519 1655 Consilium
555 1627 687 1652 meum
726 1614 835 1662 quod
873 1613 930 1650 ais
969 1613 1115 1652 cotidie
1154 1614 1275 1664 magis
1309 1616 1456 1654 laudari
1491 1630 1571 1654 non

245 1682 408 1719 moleste
428 1681 510 1718 fero
530 1679 889 1728 exspectabamque
909 1678 940 1715 si
963 1678 1060 1728 quid
1081 1680 1131 1717 de
1152 1693 1200 1717 eo
1219 1680 1271 1717 ad
1292 1693 1354 1717 me
1370 1680 1568 1719 scriberes.

245 1748 330 1795 Ego
369 1745 475 1783 enim
513 1744 553 1782 in
592 1743 717 1782 varios
756 1756 958 1781 sermones
997 1742 1232 1782 incidebam.
1311 1744 1419 1792 Quin
1453 1745 1570 1783 etiam
1592 1758 1631 1790 25

244 1810 390 1850 idcirco
411 1810 616 1848 trahebam
640 1816 682 1846 ut
709 1821 828 1858 quam
854 1807 1073 1845 diutissime
1100 1807 1293 1858 integrum
1323 1817 1434 1847 esset.
1494 1811 1572 1848 Sed

244 1875 432 1926 quoniam
462 1874 613 1912 furcilla
641 1872 896 1919 extrudimur,
925 1871 1177 1910 Brundisium
1208 1873 1348 1923 cogito.
1408 1874 1574 1912 Facilior

245 1940 350 1979 enim
381 1947 419 1978 et
448 1938 682 1989 exploratior
711 1936 900 1976 devitatio
930 1936 1127 1986 legionum
1162 1939 1243 1975 fore
1272 1938 1425 1976 videtur
1455 1952 1573 1989 quam

246 2006 455 2056 piratarum
486 2004 553 2055 qui
582 2018 769 2054 apparere
799 2003 993 2041 dicuntur.

300 2071 447 2109 Sestius
486 2083 527 2108 vl
569 2071 664 2108 Idus
703 2069 1001 2118 exspectabatur
1039 2069 1108 2106 sed
1146 2083 1227 2107 non
1261 2077 1428 2116 venerat,
1465 2070 1573 2120 quod
1593 2084 1635 2116 30

247 2136 378 2174 sciam.
439 2135 598 2174 Cassius
620 2148 710 2172 cum
731 2133 934 2172 classicula
954 2146 1023 2170 sua
1043 2141 1211 2172 venerat.
1271 2136 1356 2184 Ego
1377 2148 1466 2173 cum
1483 2149 1573 2173 eum

248 2200 443 2247 vidissem,
460 2212 485 2237 V
507 2201 565 2238 Id.
585 2200 625 2237 in
643 2198 929 2248 Pompeianum
950 2197 1182 2247 cogitabam,
1201 2199 1294 2237 inde
1314 2202 1572 2239 Aeculanum.

293 2315 312 2344 3
335 2304 392 2343 qui
410 2304 451 2333 de
469 2303 613 2333 residuis
627 2302 720 2332 Man.
741 2314 747 2332 z
770 2302 849 2340 quid
868 2311 944 2330 eres
962 2300 1004 2329 Μ
1115 2311 1150 2341 17
1175 2312 1241 2341 quo
1259 2302 1333 2335 add.
1348 2304 1434 2344 vulg.
1538 2314 1577 2344 19

251 2348 442 2386 plaudendo
462 2340 528 2376 CZl
543 2357 570 2377 v.
587 2357 610 2378 c.
629 2346 657 2376 L
676 2346 814 2386 minag.)
833 2356 839 2374 ε
862 2345 1030 2374 laudando
1047 2348 1101 2375 ΣΔ
