1742 2651
125 843 163 865 10

124 1496 163 1516 20

592 135 703 171 EPP.
736 135 814 171 AD
844 135 1103 173 ATTICVM
1449 135 1518 171 IX.
1537 143 1568 170 v

184 243 360 282 miserius
392 244 487 282 nihil
520 259 638 295 quam
671 259 717 283 ea
748 245 879 283 videro
911 258 1011 294 quae
1044 252 1175 283 tamen
1210 245 1297 291 iam,
1335 245 1509 295 inquam,

182 308 353 347 videnda
373 317 496 347 erunt.

238 373 327 411 Fuit
365 376 471 424 apud
510 389 573 413 me
613 377 834 422 Postumus,
877 375 1012 425 scripsi
1051 376 1101 413 ad
1140 382 1178 413 te
1217 388 1335 424 quam
1375 374 1510 424 gravis.

182 439 303 476 Venit
326 440 377 477 ad
408 453 470 477 me
500 440 617 478 etiam
640 441 688 489 Q.
713 441 847 478 Fufius
876 453 956 489 quo
983 441 1106 487 vultu,
1127 453 1206 490 quo
1237 439 1399 490 spiritu!
1430 453 1514 489 pro-

183 517 322 554 perans
358 505 626 551 Brundisium,
656 507 782 543 scelus
813 519 1004 544 accusans
1038 505 1217 555 Pompei,
1248 505 1445 543 levitatem
1475 512 1514 542 et

183 569 385 607 stultitiam
426 578 593 608 senatus.
666 573 780 609 Haec
818 571 885 620 qui
925 570 964 608 in
1004 584 1092 609 mea
1130 570 1219 608 villa
1258 584 1338 607 non
1377 571 1510 616 feram,

183 634 363 673 Curtium
396 634 435 672 in
468 635 574 673 curia
612 643 749 685 potero
788 637 915 674 ferre?
971 638 1067 685 Age,
1103 636 1206 685 finge
1241 649 1303 673 me
1333 634 1511 684 quamvis
1531 641 1556 670 2

183 701 422 751 εὐστομάχως
460 701 558 738 haec
593 701 808 747 ferentem3
852 701 947 750 quid
984 701 1048 738 illa
1082 702 1200 747 ίΒΙΕ,
1241 702 1296 737 M.
1329 700 1513 736 TVLLI'?

183 778 302 814 quem
333 765 538 804 habebunt
568 765 747 804 exitum?
806 768 857 804 Et
887 766 1027 804 omitto
1058 779 1216 804 causam
1247 765 1299 803 rei
1332 764 1514 814 publicae

183 843 302 880 quam
324 843 397 880 ego
419 830 603 868 amissam
635 838 732 881 puto
762 845 853 869 eum
883 831 1108 869 vulneribus
1137 831 1215 868 suis
1241 838 1323 868 tum
1345 830 1514 868 medica-

184 895 327 933 mentis
361 895 405 933 iis
439 909 540 945 quae
572 904 767 946 parantur,
801 898 852 934 de
888 896 1079 946 Pompeio
1114 896 1210 945 quid
1243 897 1386 945 agam?
1420 895 1513 945 quoi

183 962 300 1009 plane
332 959 446 1010 (quid
480 961 585 999 enim
620 962 696 999 hoc
726 975 865 1011 negem
880 962 913 1011 ?)
944 961 1157 999 suscensui.
1218 962 1380 1010 Semper
1409 960 1515 998 enim

183 1039 240 1062 me
274 1039 415 1063 causae
457 1034 686 1064 eventorum
729 1026 850 1076 magis
883 1034 1043 1064 movent
1084 1040 1201 1076 quam
1242 1026 1513 1076 ipsaeventa.

185 1093 299 1129 Haec
328 1091 443 1141 igitur
468 1093 569 1129 mala
590 1091 751 1142 (quibus
782 1091 930 1130 maiora
950 1105 1034 1130 esse
1059 1105 1160 1141 quae
1184 1098 1349 1140 possunt
1363 1090 1395 1142 ?)
1425 1104 1516 1128 eon-

183 1156 358 1195 siderans
392 1159 452 1196 vel
487 1157 616 1207 potius
649 1157 827 1195 iudicans
855 1157 937 1195 eius
965 1171 1083 1206 opera
1112 1156 1302 1194 accidisse
1331 1163 1369 1194 et
1399 1157 1514 1205 culpa

182 1221 377 1260 inimicior
398 1236 502 1260 eram
525 1223 616 1260 huic
643 1236 762 1272 quam
790 1222 863 1272 ipsi
885 1221 1052 1261 Caesari.
1112 1223 1165 1258 Vt
1195 1221 1360 1259 maiores
1390 1220 1513 1258 nostri

183 1288 437 1327 funestiorem
475 1289 580 1327 diem
616 1303 701 1327 esse
741 1290 950 1327 voluerunt
984 1287 1168 1325 Alliensis
1200 1301 1355 1337 pugnae
1394 1300 1513 1336 quam

182 1353 288 1391 urbis
310 1362 461 1403 captae,
479 1356 588 1404 quod
609 1355 684 1393 hoc
706 1355 853 1392 malum
876 1367 922 1391 ex
943 1353 1009 1391 illo
1032 1353 1180 1403 (itaque
1200 1354 1296 1390 alter
1312 1351 1513 1401 religiosus

182 1418 299 1456 etiam
335 1433 441 1458 nune
474 1420 571 1467 dies,
602 1422 697 1458 alter
729 1419 768 1457 in
800 1421 938 1468 vulgus
968 1418 1156 1468 ignotus),
1186 1417 1241 1455 sic
1271 1431 1343 1466 ego
1373 1418 1513 1455 decem

182 1497 376 1522 annorum
417 1493 579 1534 peccata
621 1486 831 1523 recordans
872 1483 911 1521 in
948 1483 1091 1533 quibus
1130 1482 1254 1520 inerat
1293 1482 1356 1520 ille
1395 1481 1512 1519 etiam

181 1562 308 1587 annus
348 1549 415 1599 qui
455 1564 527 1588 nos
566 1551 642 1588 hoc
683 1564 756 1587 non
797 1550 1047 1594 defendente,
1089 1562 1139 1585 ne
1178 1547 1306 1585 dicam
1346 1546 1512 1596 gravius,

180 1615 381 1653 adflixerat
409 1615 702 1665 praesentisque
733 1615 921 1665 temporis
957 1627 1200 1663 cognoscens
1235 1612 1507 1658 temeritatem,

182 1679 386 1729 ignaviam,
421 1681 706 1730 neglegentiam
746 1680 1036 1718 suscensebam.
1115 1679 1193 1716 Sed
1224 1692 1270 1716 ea
1300 1678 1377 1715 iam
1413 1677 1553 1718 mihi3

182 1745 435 1791 exciderunt:
464 1745 657 1784 beneficia
688 1745 865 1784 eiusdem
899 1745 1039 1795 cogito,
1077 1743 1207 1793 cogito
1239 1743 1356 1781 etiam
1388 1741 1511 1791 digni-

124 1819 160 1850 ἑὲ
181 1817 300 1848 tatem
321 1825 330 1857 ;
377 1810 561 1860 intellego
610 1810 731 1848 serius
777 1810 961 1860 equidem
1011 1823 1129 1858 quam
1175 1810 1315 1846 vellem
1354 1816 1512 1858 propter

180 1875 365 1925 epistulas
399 1889 679 1925 sermonesque
712 1876 836 1921 Balbi,
873 1876 943 1913 sed
974 1874 1090 1912 video
1129 1876 1244 1924 plane
1279 1873 1374 1910 nihil
1404 1873 1511 1911 aliud

179 1941 254 1989 agi,
286 1941 383 1978 nihil
416 1948 547 1978 actum
579 1941 629 1978 ab
664 1940 786 1987 initio,
823 1941 902 1978 wisi
932 1948 973 1977 ut
1004 1941 1111 1977 hunc
1143 1939 1350 1977 occideret.
1426 1940 1511 1988 Ego

180 2006 307 2056 igitur,
345 2007 445 2044 sicut
485 2007 547 2044 ille
585 2008 691 2056 apud
734 2003 970 2044 Homerum>
1003 2006 1064 2043 eui
1108 2013 1146 2043 et
1192 2013 1315 2043 mater
1353 2013 1390 2043 et
1435 2006 1510 2043 dea

182 2071 353 2119 dixisset,

227 2187 238 2206 1
267 2177 331 2206 iam
351 2177 413 2206 iam
430 2177 519 2217 vulg.
646 2188 662 2216 7
689 2177 841 2207 Curtium
861 2177 969 2217 vulga
996 2187 1055 2207 cur
1071 2181 1141 2207 turn
1160 2175 1213 2206 ,Μ1
1232 2188 1238 2207 z
1263 2187 1323 2206 cur
1339 2187 1413 2207 eum
1433 2175 1507 2208 Μῗε

178 2221 234 2258 qui
254 2231 329 2250 eum
347 2220 412 2251 cod.
429 2219 648 2260 Ilffcff’t'amts:
673 2221 732 2251 del.
752 2221 838 2250 Boo!
950 2231 987 2258 13
1012 2231 1066 2250 me
1083 2220 1159 2251 add.
1181 2220 1355 2250 casaubon
1470 2230 1506 2260 17

179 2264 330 2294 Aliensis
355 2264 448 2297 Boot,
474 2264 510 2303 cs.
531 2263 636 2294 ch‘s
661 2264 707 2294 ad
732 2264 809 2295 Cell.
838 2265 880 2294 iv.
899 2275 927 2302 9Δ
947 2265 977 2296 6.
997 2268 1026 2293 et
1049 2264 1198 2294 Nom'nm
1224 2274 1297 2303 379.
1316 2275 1334 2302 4
1468 2273 1506 2293 21

180 2317 247 2336 non
280 2307 355 2337 add.
396 2307 472 2337 Vici.
648 2317 687 2347 '27
716 2309 778 2338 nisi
813 2308 886 2338 fuld.
926 2306 1131 2347 IVesenhwg:
1175 2318 1275 2346 quam
1308 2307 1382 2337 add.
1418 2307 1506 2346 vulg.

180 2349 253 2388 Ego
271 2350 379 2382 Rom:
406 2362 446 2380 eo
463 2351 551 2382 codd.
757 2353 798 2381 28
823 2352 909 2380 sieut
929 2351 984 2380 ille
1002 2351 1153 2381 Sclmn'dt
1169 2363 1174 2381 :
1200 2351 1226 2381 si
1244 2352 1323 2389 quid
1342 2350 1428 2380 codd.
1449 2362 1455 2380 :
1480 2351 1508 2380 si

177 2394 313 2431 quidem
334 2394 474 2424 Vrsinus
