1742 2651
603 108 714 143 EPP.
749 107 825 142 AD
857 108 1117 145 ATTICVM
1446 110 1541 147 XII.
1566 109 1676 146 xviii

198 217 292 256 mihi
324 217 512 267 ignoscas,
542 216 781 255 cuicuimodi
812 225 880 255 est.
942 217 1100 256 Etenim
1128 219 1257 257 habeo
1285 234 1362 258 non
1395 222 1523 259 nullos

196 298 242 321 ex
264 283 307 320 iis
329 297 427 333 quos
450 296 554 320 nunc
576 282 709 321 lectito
729 290 908 321 auctores
930 283 995 332 qui
1022 283 1155 322 dicant
1182 285 1261 323 fieri
1285 285 1322 323 id
1344 293 1523 335 oportere

196 350 303 397 quod
332 362 447 397 saepe
475 356 605 385 tecum
628 347 686 397 egi
709 356 746 385 et
768 349 875 397 quod
897 362 919 385 a
941 356 977 386 te
1004 349 1211 398 approbari
1233 351 1336 395 volo,
1358 351 1408 388 de
1433 352 1524 388 fano

196 413 261 450 illo
283 413 384 459 dico,
408 415 457 451 de
482 427 561 462 quo
590 420 742 450 tantum
775 421 965 462 quantum
996 427 1058 451 me
1085 427 1193 451 amas
1220 415 1334 452 velim
1363 415 1521 464 cogites.

157 489 173 519 5
197 478 393 527 Equidem
416 492 543 527 neque
565 480 614 516 de
635 491 777 527 genere
800 478 940 516 dubito
963 479 1108 528 (placet
1131 479 1234 517 enim
1259 479 1352 517 mibi
1376 480 1523 529 Cluati)

194 556 322 591 neque
348 545 396 581 de
427 557 465 581 re
491 543 697 593 <statutum
729 551 787 581 est
818 544 952 590 enim),
983 546 1032 582 de
1063 546 1150 582 loco
1180 559 1259 583 non
1292 560 1520 595 numquam.

193 607 323 645 Velim
359 608 472 657 igitur
506 607 663 657 cogites.
726 610 823 658 Ego,
856 617 1047 658 quantum
1080 609 1138 647 his
1169 610 1412 660 temporibus
1444 618 1523 648 tam

192 672 353 710 eruditis
376 673 455 711 fieri
478 672 656 722 potuerit,
675 674 851 722 profecto
874 673 978 711 illam
996 676 1237 713 consecrabo
1254 675 1361 713 omni
1382 690 1523 725 genere

193 738 529 775 monimentorum
555 738 605 776 ab
627 738 805 776 omnium
835 738 1000 787 ingeniis
1025 747 1271 789 sumptorum
1297 748 1334 778 et
1357 742 1523 778 Graeco-

135 819 173 840 10
192 816 276 839 rum
298 810 335 840 et
358 802 601 841 Latinorum.
661 804 775 851 Quae
796 817 855 841 res
878 803 1037 841 forsitan
1063 804 1110 842 sit
1137 804 1359 843 refricatura
1381 807 1521 843 vulnus

192 880 337 904 meum.
396 869 474 905 Sed
501 867 577 905 iam
600 868 710 917 quasi
732 876 824 906 voto
845 870 1019 918 quodam
1042 877 1079 907 et
1100 869 1292 919 promisso
1314 884 1376 908 me
1398 870 1520 908 teneri

191 940 297 982 puto,
317 934 559 982 longumque
580 933 676 971 illud
697 941 852 983 tempus
869 947 958 971 cum
982 948 1061 971 non
1079 948 1144 972 ero
1162 935 1282 985 magis
1305 949 1367 973 me
1390 943 1520 973 movet

190 1010 309 1046 quam
331 998 407 1035 hoc
429 998 622 1047 exiguum,
647 999 755 1047 quod
777 998 870 1035 1111111
895 1006 1025 1036 tamen
1049 998 1212 1037 nimium
1235 1001 1395 1050 longum
1418 1000 1521 1038 vide-

191 1070 260 1099 tur.
323 1064 469 1101 Habeo
504 1063 608 1101 enim
644 1063 739 1100 nihil
773 1064 972 1113 temptatis
1004 1065 1120 1102 rebus
1151 1065 1336 1103 omnibus
1369 1065 1406 1102 in
1440 1079 1519 1114 quo

137 1142 171 1173 ¹5
190 1127 451 1176 acquiescam.
512 1130 614 1166 Nam
644 1130 739 1166 dum
768 1128 864 1166 illud
891 1129 1105 1166 tractabam
1128 1130 1177 1167 de
1198 1143 1278 1178 quo
1298 1131 1349 1168 ad
1371 1138 1407 1168 te
1428 1138 1519 1168 ante

189 1191 335 1241 scripsi,
366 1192 477 1241 quasi
507 1193 688 1231 fovebam
718 1194 875 1231 dolores
906 1207 1040 1234 meos:
1082 1208 1187 1232 nunc
1215 1194 1347 1232 omnia
1377 1208 1519 1244 respuo

189 1270 261 1295 nec
283 1257 497 1307 quicquam
519 1259 647 1296 habeo
668 1258 908 1297 tolerabilius
930 1272 1047 1308 quam
1076 1259 1329 1298 solitudinem
1349 1275 1355 1303 ;
1386 1274 1516 1309 quam,

188 1323 297 1371 quod
319 1336 423 1360 eram
447 1322 600 1368 veritus,
625 1337 703 1361 non
726 1323 949 1361 obturbavit
974 1323 1186 1374 Philippus.
1249 1326 1351 1362 Nam
1374 1334 1414 1363 ut
1437 1325 1518 1364 heri

189 1400 251 1424 me
273 1387 464 1435 salutavit,
489 1388 619 1425 statim
644 1390 813 1426 Romam
836 1390 1033 1438 profectus
1055 1397 1122 1427 est.

130 1468 169 1490 20
244 1453 464 1502 Epistulam
505 1467 623 1503 quam
662 1455 712 1492 ad
750 1456 924 1500 Brutum,
958 1462 1000 1491 ut
1035 1454 1104 1492 tibi
1140 1456 1352 1504 placuerat,
1382 1456 1559 1506 scripsi2

188 1518 275 1556 misi
304 1521 355 1557 ad
385 1528 433 1558 te.
494 1521 659 1559 Curabis
692 1534 781 1558 cum
815 1528 880 1558 tua
913 1522 1194 1570 perferendam.
1258 1521 1352 1560 Eius
1385 1531 1517 1562 tamen

188 1584 275 1621 misi
295 1587 345 1623 ad
368 1594 404 1623 te
426 1588 649 1635 exemplum
671 1594 722 1632 ut,
747 1586 777 1623 si
800 1585 929 1623 minus
951 1587 1132 1635 placeret,
1157 1601 1205 1624 ne
1228 1587 1409 1626 mitteres.

244 1651 473 1689 Domestica
494 1653 603 1701 quod
623 1651 678 1689 ais
701 1651 838 1689 ordine
862 1651 1124 1689 administrari
1150 1652 1295 1690 scribes
1317 1667 1418 1702 quae
1443 1654 1518 1692 sint
1538 1662 1562 1700 3

187 1730 244 1753 ea.
294 1718 502 1765 Quaedam
525 1717 629 1755 enim
653 1725 847 1767 exspecto.
907 1717 1101 1756 Cocceius
1123 1717 1212 1755 vide
1234 1732 1283 1756 ne
1304 1720 1517 1758 frustretur.

129 1791 165 1822 25
188 1783 290 1819 Nam
323 1783 424 1821 Libo
454 1785 563 1832 quod
593 1783 807 1833 pollicetur,
839 1790 881 1820 ut
912 1784 1011 1820 Eros
1042 1782 1185 1827 scribit,
1216 1797 1296 1821 non
1327 1783 1518 1823 incertum

185 1856 292 1896 puto.
356 1851 416 1887 De
447 1857 549 1887 sorte
580 1863 667 1887 mea
694 1849 868 1898 Sulpicio
901 1850 1061 1887 confido
1092 1857 1129 1886 et
1160 1849 1327 1898 Egnatio
1357 1850 1517 1889 scilicet.

188 1915 249 1951 De
283 1914 481 1964 Appuleio
521 1914 616 1964 quid
655 1922 712 1953 est
752 1915 859 1964 quod
900 1915 1064 1960 labores,
1102 1928 1192 1952 cum
1232 1915 1280 1952 sit
1319 1916 1517 1954 excusatio

186 1979 307 2017 facilis
324 1981 340 2016 Ρ

239 2045 329 2083 Tibi
362 2047 412 2083 ad
444 2059 506 2083 me
536 2045 677 2091 venire,
708 2053 749 2083 ut
781 2045 968 2091 ostendis,
994 2045 1083 2083 vide
1117 2059 1166 2083 ne
1201 2059 1281 2083 non
1314 2047 1360 2084 sit
1391 2047 1514 2085 facile.
1533 2057 1559 2094 4

127 2119 165 2149 30
187 2112 257 2148 Est
288 2111 394 2149 enim
429 2113 591 2160 longum
623 2111 694 2149 iter
723 2111 1076 2160 discedentemque
1117 2119 1165 2158 te,
1199 2114 1307 2161 quod
1343 2113 1518 2151 celeriter

185 2176 255 2213 tibi
280 2176 351 2214 erit
379 2178 541 2214 fortasse
572 2176 809 2224 faciendum,
833 2190 913 2215 non
942 2176 1025 2214 sine
1056 2190 1200 2226 magno
1226 2179 1363 2216 dolore
1390 2178 1518 2216 dimit-

231 2291 244 2310 1
272 2281 473 2311 cuicuimodi
491 2292 519 2311 v.
534 2292 555 2311 c.
572 2281 599 2310 L
614 2281 754 2321 (marg.)
769 2276 814 2310 ΖΙ)
830 2293 836 2312 ;
863 2281 1010 2311 cuimodi
1031 2280 1077 2311 C:
1102 2282 1286 2312 cuiusmodi
1307 2281 1344 2311 M
1495 2283 1516 2311 8

184 2325 331 2362 potuerit
346 2324 402 2356 M:
430 2326 554 2364 poterit
572 2325 660 2364 vulg.
790 2337 811 2364 9
836 2329 1130 2354 monumentorum
1149 2327 1278 2356 ornabo
1299 2326 1447 2355 omnium
1466 2326 1515 2355 in-

183 2369 291 2406 geniis
307 2370 510 2408 scriptorum
528 2368 664 2398 Palmcr
751 2373 960 2407 sumptorum
980 2371 1003 2399 Σ
1021 2368 1120 2399 Rom.
1144 2380 1150 2398 :
1174 2370 1377 2408 scriptorum
1396 2375 1423 2399 Δ
