1742 2651
611 129 722 166 EPP.
756 130 833 165 AD
863 129 1122 166 ATTICVM
1440 128 1548 164 XIV.
1568 126 1644 163 xiii

374 239 510 276 Τέκνον
538 239 636 288 ε’μόν,
667 239 710 276 οὕ
737 256 793 276 τοι
823 238 965 276 δέδοται
994 238 1182 287 πολεμήια
1212 238 1313 289 ἔργα,

375 305 477 341 ἀλλὰ
505 303 590 355 σύγ’
620 305 807 353 ἱμερόεντα
835 305 1012 354 μετέρχεο
1042 305 1131 354 ἔργα
1159 304 1301 354 λόγοιο.

202 368 279 405 Sed
310 369 407 405 haec
434 369 512 405 fors
539 367 687 413 viderit,
711 382 757 405 ea
781 382 881 417 quae
912 367 1053 405 talibus
1084 367 1123 404 in
1154 367 1270 405 rebus
1300 368 1386 416 plus
1414 379 1531 415 quam
1554 376 1578 412 3

204 431 298 468 ratio
337 440 479 481 potest.
548 433 632 469 Nos
675 441 807 470 autem
855 432 895 470 id
934 432 1138 470 videamus
1183 433 1290 481 quod
1335 431 1373 468 in
1417 431 1532 468 nobis

167 510 183 539 5
204 495 294 545 ipsis
324 510 409 534 esse
438 498 571 543 debet,
593 505 634 535 ut
654 497 845 547 quicquid
875 497 1069 535 accideret
1098 496 1247 534 fortiter
1273 504 1311 534 et
1339 495 1534 544 sapienter

204 561 369 599 feramus
400 570 437 600 et
464 562 654 600 accidisse
681 562 910 600 hominibus
935 561 1241 608 meminerimus,
1265 574 1417 610 nosque
1441 573 1532 598 cum

205 628 368 664 multum
403 627 552 665 litterae
582 635 666 664 tum
696 640 777 665 non
807 626 1015 664 minimum
1050 628 1145 665 Idus
1176 639 1335 675 quoque
1366 625 1533 663 Martiae

203 693 465 729 consolentur.
523 691 686 742 Suscipe
713 705 819 730 nunc
849 705 978 730 meam
1006 691 1331 730 deliberationem
1357 704 1435 740 qua
1461 692 1533 728 sol·
1551 700 1578 737 4

204 755 339 794 licitor.
398 758 458 794 Ita
483 758 606 795 multa
626 757 788 795 veniunt
809 756 849 794 in
878 765 1051 795 mentem
1077 756 1117 794 in
1142 765 1348 806 utramque
1369 764 1529 806 partem.

146 832 186 854 10
206 821 444 868 Proficiscor,
475 829 516 859 ut
550 822 840 868 constitueram,
874 824 1022 872 legatus
1058 822 1097 859 in
1128 821 1362 860 Graeciam:
1401 821 1532 859 caedis

205 885 467 936 impendentis
494 886 711 936 periculum
740 900 821 925 non
848 887 945 924 nihil
966 887 1085 925 vitare
1116 887 1251 925 videor
1280 888 1350 925 sed
1374 900 1533 924 casurus

204 950 241 988 in
267 951 440 1001 aliquam
462 952 789 1002 vituperationem
817 953 926 1001 quod
953 952 1005 990 rei
1031 952 1213 1002 publicae
1240 952 1430 990 defuerim
1453 960 1532 989 tam

202 1016 305 1066 gravi
326 1024 516 1067 tempore.
574 1017 642 1055 Sin
669 1025 800 1055 autem
829 1030 1023 1064 mansero,
1044 1018 1125 1056 fore
1151 1031 1213 1055 me
1234 1017 1396 1066 quidem
1417 1017 1533 1055 video

202 1081 241 1119 in
280 1081 506 1120 discrimine
549 1083 618 1120 sed
666 1081 844 1120 accidere
885 1095 1001 1132 posse
1049 1082 1226 1132 suspicor
1266 1090 1307 1120 ut
1346 1083 1533 1131 prodesse

147 1163 179 1195 15
201 1146 349 1197 possim
380 1147 432 1185 rei
463 1146 658 1197 publicae.
718 1148 803 1185 Iam
834 1147 898 1185 illa
927 1147 1090 1185 consilia
1120 1147 1268 1196 privata
1298 1155 1399 1193 sunt,
1423 1148 1531 1195 quod

201 1212 329 1250 sentio
362 1213 476 1250 valde
513 1226 600 1250 esse
638 1212 732 1250 utile
770 1213 821 1250 ad
855 1212 1196 1250 confirmationem
1229 1212 1432 1251 Ciceronis
1468 1225 1531 1250 me

200 1277 292 1314 illuc
313 1277 470 1324 venire3
498 1290 571 1314 nec
598 1277 673 1315 alia
699 1290 816 1314 causa
840 1277 1093 1326 profectionis
1121 1277 1217 1314 mihi
1243 1279 1320 1314 ulla
1347 1277 1417 1314 fuit
1447 1284 1530 1314 tum

200 1355 291 1379 cum
324 1341 530 1379 consilium
559 1341 646 1391 cepi
676 1342 791 1391 legari
821 1356 844 1379 a
868 1343 1048 1380 Caesare.
1106 1343 1210 1379 Tota
1237 1342 1350 1390 igitur
1380 1343 1453 1379 hac
1480 1343 1531 1380 de

202 1420 251 1453 re,
275 1415 315 1444 ut
337 1408 449 1453 soles,
473 1407 503 1444 si
524 1406 619 1456 quid
640 1407 691 1444 ad
713 1420 775 1444 me
796 1406 988 1456 pertinere
1008 1414 1133 1455 putas,
1156 1407 1357 1455 cogitabis.

146 1486 183 1506 20
256 1473 395 1509 Redeo
439 1485 544 1509 nunc
584 1473 634 1509 ad
676 1471 882 1521 epistulam
925 1480 1042 1509 tuam.
1115 1471 1258 1509 Scribis
1299 1472 1403 1509 enim
1446 1482 1574 1520 esse5

201 1549 376 1574 rumores
398 1550 461 1574 me
480 1538 531 1574 ad
553 1538 681 1574 lacum
703 1537 812 1586 quod
834 1537 962 1574 habeo
984 1536 1245 1582 venditurum,
1269 1536 1530 1574 minusculam

201 1615 291 1639 vero
313 1601 442 1639 villam
472 1600 640 1654 [utique]
670 1601 821 1651 Quinto
850 1601 1081 1639 traditurum
1104 1603 1163 1640 vel
1185 1602 1365 1651 impenso
1393 1602 1529 1651 pretio,

200 1680 280 1716 quo
322 1667 604 1714 introducatur,
643 1675 685 1705 ut
725 1667 796 1705 tibi
840 1667 1012 1715 Quintus
1061 1666 1162 1704 filius
1206 1667 1354 1713 dixerit,
1396 1668 1532 1705 dotata

201 1732 371 1781 Aquilia.
434 1735 519 1782 Ego
551 1746 642 1770 vero
675 1734 725 1770 de
755 1732 983 1771 venditione
1022 1732 1119 1769 nihil
1158 1732 1288 1782 cogito
1327 1732 1401 1769 nisi
1435 1731 1530 1781 quid

143 1809 180 1841 25
202 1799 311 1847 quod
353 1798 474 1847 magis
516 1811 577 1836 me
616 1799 784 1836 delectet
824 1798 1023 1836 invenero.
1094 1798 1266 1846 Quintus
1309 1805 1441 1835 autem
1480 1799 1530 1835 de

201 1866 373 1902 emendo
412 1864 508 1900 nihil
543 1871 650 1901 curat
682 1865 758 1901 hoc
795 1872 985 1913 tempore.
1054 1863 1153 1901 Satis
1188 1864 1293 1901 enim
1329 1871 1531 1913 torquetur

200 1928 403 1966 debitione
435 1928 538 1966 dotis
570 1928 608 1965 in
639 1942 715 1978 qua
754 1929 934 1966 mirificas
975 1931 1025 1977 Q.
1059 1929 1226 1978 Egnatio
1260 1929 1400 1977 gratias
1429 1928 1532 1978 agit3

200 2007 223 2030 a
243 1995 427 2031 ducenda
450 2001 582 2031 autem
610 2006 728 2030 uxore
755 1994 810 2030 sic
837 1994 1019 2031 abhorret
1043 2002 1083 2031 ut
1106 1994 1229 2032 libero
1250 1995 1395 2031 lectulo
1417 2001 1531 2042 neget

202 2072 286 2096 esse
307 2058 519 2108 quicquam
542 2058 763 2095 iucundius.
821 2060 898 2096 Sed
919 2060 1015 2096 haec
1038 2072 1196 2108 quoque
1219 2060 1419 2097 hactenus.
1552 2056 1579 2092 6

143 2133 183 2163 30
259 2124 397 2161 Redeo
414 2123 518 2160 enim
540 2124 590 2160 ad
613 2123 792 2160 miseram
814 2137 881 2161 seu
899 2125 1045 2161 nullam
1069 2124 1198 2172 potius
1220 2138 1300 2162 rern
1318 2124 1529 2174 publicam.

204 2189 261 2226 M.
297 2187 494 2225 Antonius
533 2188 583 2224 ad
623 2201 686 2224 me
724 2187 874 2237 scripsit
907 2189 956 2226 de
992 2188 1235 2226 restitutione
1270 2190 1357 2227 Sex.
1390 2188 1532 2235 Clodi,

250 2301 263 2321 1
291 2290 328 2320 οὔ
344 2303 404 2327 τοι,
423 2290 538 2321 τέκνον
556 2290 643 2328 ἐμόν,
662 2290 801 2327 Homer,
820 2290 858 2322 Il.
880 2302 912 2321 v.
930 2292 994 2330 428
1129 2302 1166 2322 10
1192 2292 1228 2322 Si
1247 2297 1319 2321 (mle
1336 2293 1532 2331 proficiscor

203 2333 318 2364 addere
333 2335 404 2364 vult
419 2334 503 2364 Reid
589 2334 787 2365 Graeciam?
811 2334 880 2366 edd.
893 2334 1034 2374 plerique
1162 2346 1200 2374 13
1224 2335 1295 2365 fore
1320 2346 1372 2365 me
1394 2336 1531 2374 quidem

203 2371 272 2406 Zffi'
298 2377 385 2408 Crat.
407 2389 435 2408 v.
456 2389 477 2408 c.
498 2378 526 2407 L
545 2377 688 2417 (weng.)
707 2390 713 2408 z
738 2378 892 2417 equidem
912 2381 965 2408 ΣΔ
982 2377 1135 2408 Βῑίιηιιὶίί
1151 2381 1239 2408 (tum
1257 2378 1461 2408 audiendum
1479 2389 1532 2408 me

203 2420 275 2448 sore
292 2429 366 2451 cum
384 2422 416 2451 in
436 2421 645 2461 discrimine)
773 2432 815 2451 22
841 2422 954 2460 utique
973 2420 1024 2450 M¹
1045 2421 1115 2461 <sed
1130 2421 1283 2462 deletum>
1304 2422 1368 2452 OR
1387 2434 1392 2452 z
1417 2433 1483 2454 om.
1504 2421 1535 2454 E
