1742 2651
67 100 214 138 XIV.i
563 101 619 138 M.
650 100 819 137 TVLLI
851 98 1158 138 CICERONIS

196 225 287 251 eum
309 212 469 250 fuissem
499 220 848 262 exspectaremque
876 212 1018 249 sedens
1039 211 1171 260 quoad
1191 222 1359 257 vocarer,
1382 209 1525 248 dixisse

194 291 296 323 eum,
329 279 437 326 ‘Ego
467 277 647 315 dubitem
682 276 778 326 quin
815 289 971 314 summo
1004 276 1043 313 in
1077 275 1170 314 oclio
1202 275 1274 313 sim
1309 288 1430 324 quom
1465 276 1522 312 M.

197 342 339 381 Cicero
379 343 515 380 sedeat
554 335 740 379 nec'suo
775 342 990 379 commodo
1025 354 1088 378 me
1123 339 1333 377 convenire
1371 339 1526 389 possit?

197 407 319 457 Atqui
348 407 379 445 si
407 407 618 456 quisquam
639 414 697 444 est
718 406 853 453 facilis,
878 405 941 443 hic
969 413 1037 443 est.
1096 406 1250 443 Tamen
1275 418 1355 442 non
1386 404 1526 442 dubito

196 472 291 522 quin
315 486 377 510 me
399 473 500 509 male
530 471 680 509 oderit.'
740 473 854 509 Haec
875 479 913 508 et
934 470 1017 508 eius
1045 469 1155 507 modi
1180 471 1313 507 multa.
1373 470 1451 507 Sed
1475 470 1526 506 ad
1547 476 1563 506 5

195 536 451 587 propositum.
513 535 715 585 Quicquid
741 535 811 573 erit
838 548 918 572 non
947 536 1068 572 modo
1095 547 1281 584 magnum
1309 535 1379 572 sed
1409 532 1525 572 etiam

197 615 359 652 parvum
381 601 537 640 scribes,
599 600 797 650 Equidem
819 599 915 637 nihil
937 599 1201 637 intermittam.

240 750 288 784 II
422 752 492 783 Ser.
513 753 545 782 in
563 751 752 782 suburbano
770 750 860 781 Mati
873 752 908 781 vi
920 750 969 780 Id.
990 751 1077 790 Apr.
1094 761 1126 781 a.
1147 759 1204 789 710
1222 750 1307 790 (44).

604 839 781 870 CICERO
814 839 987 869 ATTICO
1021 839 1120 869 SAL.

162 947 179 973 1
255 931 364 968 Duas
398 943 420 967 a
455 936 492 967 te
526 928 662 978 accepi
696 927 881 977 epistulas
916 927 1008 965 heri.
1084 929 1142 965 Ex
1175 925 1302 976 priore
1333 926 1527 964 theatrum
1551 938 1590 960 10

200 996 494 1045 Publiliumque
528 994 707 1044 cognovi,
744 994 850 1031 bona
888 993 997 1043 signa
1036 991 1319 1030 consentientis
1359 991 1530 1028 multitu-

198 1061 313 1100 dinis.
375 1062 539 1098 Plausus
569 1073 661 1098 vero
693 1060 735 1096 L.
774 1058 913 1097 Cassio
943 1059 1058 1096 datus
1097 1057 1215 1095 etiam
1245 1058 1393 1095 facetus
1433 1056 1530 1094 mihi

155 1138 180 1164 2
199 1126 360 1176 quidem
382 1125 485 1163 visus
507 1133 576 1164 est.
635 1126 769 1162 Altera
789 1123 955 1172 epistula
981 1124 1031 1161 de
1060 1124 1227 1160 Madaro
1248 1121 1401 1171 scripta,
1423 1123 1530 1171 apud

201 1204 319 1241 quem
352 1193 503 1228 nullum
535 1192 783 1239 †q}›a>td1<a›lua‚
820 1196 861 1226 ut
894 1195 1017 1238 putas.
1078 1187 1272 1225 Processit
1306 1187 1422 1234 enim,
1460 1188 1529 1225 sed

155 1267 181 1306 3
202 1256 330 1294 minus
351 1255 508 1294 diutius.
569 1257 758 1294 Sermone
778 1253 886 1298 eius†
909 1267 996 1291 sum
1017 1260 1199 1290 retentus.
1256 1253 1377 1301 Quod
1397 1260 1529 1290 autem
1552 1264 1587 1294 15

199 1323 251 1360 ad
272 1329 310 1360 te
331 1321 561 1371 scripseram
582 1321 748 1359 obscure
770 1321 941 1364 fortasse,
966 1318 1004 1356 id
1026 1318 1108 1356 eius
1130 1317 1239 1356 modi
1260 1325 1328 1356 est.
1387 1317 1530 1356 Aiebat

201 1388 412 1426 Caesarem
443 1400 589 1433 secum,
622 1400 701 1435 quo
730 1393 906 1434 tempore
937 1383 1035 1422 Sesti
1066 1391 1202 1433 rogatu
1228 1383 1316 1421 veni
1345 1384 1396 1421 ad
1426 1397 1528 1429 eum,

201 1466 292 1490 cum
333 1460 598 1501 exspectarem
639 1453 792 1497 sedens,
833 1450 987 1497 dixisse,
1031 1453 1142 1500 ‘Ego
1188 1464 1294 1489 nunc
1337 1458 1416 1488 tam
1457 1450 1528 1488 sim

202 1519 343 1555 stultus
371 1525 412 1555 ut
442 1518 548 1555 hunc
575 1517 703 1566 ipsum
735 1516 888 1554 facilem
921 1515 1122 1553 hominem
1150 1523 1286 1565 putem
1318 1515 1414 1553 mihi
1446 1529 1530 1553 esse

201 1583 372 1621 amicum
413 1596 534 1632 quom
574 1591 652 1620 tam
697 1582 763 1620 diu
804 1583 945 1619 sedens
985 1595 1116 1619 meum
1165 1582 1422 1619 commodum
1471 1591 1592 1619 ex-20

200 1656 350 1698 spectet
364 1650 400 1685 ?'
451 1648 589 1686 Habes
611 1647 724 1697 igitur
744 1649 979 1697 φαλάκρωμα
1000 1646 1314 1684 inimicissimum
1331 1647 1395 1693 oti,
1416 1646 1455 1685 id
1473 1654 1531 1684 est

203 1713 325 1751 Bruti.

155 1789 182 1826 4
259 1778 306 1814 In
328 1778 599 1814 Tusculanum
630 1776 761 1823 hodie,
787 1775 937 1814 Lanuvi
969 1788 1063 1821 cras,
1087 1774 1179 1813 inde
1204 1777 1371 1813 Asturae
1391 1774 1532 1823 cogita-

202 1843 304 1880 bam.
366 1842 485 1880 Piliae
515 1850 693 1891 paratum
726 1850 783 1879 est
815 1840 1041 1891 hospitium,
1072 1841 1141 1878 sed
1175 1843 1314 1879 vellem
1345 1839 1528 1877 Atticam.

202 1910 349 1946 Verum
371 1908 441 1945 tibi
464 1908 635 1957 ignosco.
697 1908 873 1955 Quarum
896 1906 1049 1955 utrique
1071 1907 1245 1943 salutem.
1553 1917 1592 1949 25

248 2022 267 2041 2
291 2011 410 2051 quom]
439 2021 513 2041 curn
544 2010 624 2041 M‘J:
649 2011 738 2050 quod
766 2011 814 2041 vel
839 2021 904 2049 que
933 2009 985 2040 Ml
1152 2020 1188 2048 14
1213 2008 1409 2049 φαλάκρωμα
1432 2007 1530 2039 lata:

203 2055 432 2092 σαλακώνισμα
461 2054 664 2085 Gronovius:
703 2054 903 2092 λακωνισμόν
930 2052 1031 2083 Reid:
1072 2052 1216 2092 μαλακὸν
1241 2053 1329 2090 κῶμα
1353 2051 1436 2081 Boot
1461 2051 1529 2083 coll.

204 2099 308 2130 Hom.
327 2098 364 2129 Il.
391 2099 456 2129 xiv.
480 2108 554 2137 359,
577 2097 637 2128 Od.
657 2099 746 2128 xviii.
774 2108 833 2127 201
943 2097 1114 2128 Processit
1138 2095 1225 2127 codd.
1251 2095 1351 2126 Reid:
1378 2095 1532 2125 Processi

205 2141 298 2173 Man.
426 2152 462 2180 15
487 2142 606 2172 minus.
659 2141 794 2173 Diutius
818 2151 977 2171 sermone
1004 2139 1124 2181 [enim]
1160 2139 1277 2171 Orelli:
1318 2139 1429 2169 minus
1456 2139 1534 2168 diu:

204 2186 276 2216 eius
294 2196 450 2216 sermone
467 2186 556 2215 enim
576 2185 671 2216 Man.
693 2197 699 2215 ε
723 2185 836 2215 minui.
886 2184 1022 2213 Diutius
1039 2194 1197 2215 sermone
1215 2183 1303 2213 enim
1322 2182 1408 2212 Reid
1498 2183 1535 2212 16

204 2230 347 2260 obscure
366 2229 412 2260 C:
436 2229 579 2260 obsecro
597 2228 637 2258 M
760 2239 795 2267 17
823 2233 940 2267 rogatu
958 2231 1029 2260 vell.
1047 2239 1053 2258 :
1078 2237 1159 2266 roga
1176 2224 1228 2256 Ml
