1742 2651
508 146 620 182 EPP.
654 146 730 182 AD
763 146 1021 183 A'I‘TICVM
1401 149 1468 184 IX.
1495 146 1570 184 xiii

134 270 182 294 ne
222 256 382 306 cogitari
422 256 593 306 quidem.
655 258 909 306 Quamquam
949 257 1022 294 hae
1062 270 1125 295 me
1164 257 1312 296 litterae
1350 260 1466 296 Dola-

132 321 258 358 bellae
289 320 427 359 iubent
456 322 506 359 ad
537 321 718 371 pristinas
748 320 1008 370 cogitationes
1030 322 1177 359 reverti.
1240 322 1327 359 Fuit
1358 323 1464 360 enim

131 385 255 435 pridie
278 385 548 435 Quinquatrus
570 385 722 436 egregia
743 393 954 435 tempestas
973 401 983 433 J
1012 399 1089 435 qua
1116 400 1189 436 680
1214 387 1321 425 illum
1349 401 1463 425 usum

130 458 237 500 puto.

92 531 109 561 5
184 516 387 568 Συναγωγή
426 516 679 554 consiliorum
720 523 875 554 tuorum
912 530 991 554 non
1032 524 1089 554 est
1123 530 1145 554 a
1180 531 1243 555 me
1282 519 1504 564 conlecta3

128 581 180 618 ad
214 583 414 630 querelam
453 583 523 619 sed
559 582 679 631 magis
718 583 769 620 ad
808 582 1120 620 consolationem
1161 596 1301 620 meam.
1375 584 1461 620 Nec

130 645 236 684 enim
258 659 321 684 me
342 654 422 684 tam
444 648 541 684 haec
569 648 672 684 mala
701 647 899 696 angebant
920 660 1039 696 quam
1061 647 1232 696 suspicio
1253 648 1392 697 culpae
1416 660 1461 685 ac

129 710 357 748 temeritatis
388 725 509 749 meae.
572 713 669 749 Eam
706 713 853 749 nullam
888 719 984 760 puto
1019 724 1114 757 esse,
1147 711 1335 761 quoniam
1371 725 1461 750 curn

129 775 301 814 consiliis
323 776 398 814 tuis
426 790 515 815 mea
534 778 636 815 facta
656 784 694 815 et
715 776 879 814 consilia
899 777 1161 814 consentiunt.
1223 777 1344 825 Quod
1375 791 1462 815 mea

71 855 110 877 10
128 840 422 890 praedicatione
450 843 595 879 factum
621 855 706 880 esse
736 841 872 879 scribis
903 841 1026 891 magis
1053 854 1172 890 quam
1200 841 1301 879 illius
1323 842 1462 880 merito

129 913 171 943 ut
192 913 345 943 tantum
367 906 401 944 ei
423 907 568 945 debere
589 907 749 953 viderer,
774 914 831 945 est
853 906 915 945 ita.
976 908 1061 956 Ego
1083 907 1147 945 illa
1167 907 1286 945 extuli
1308 921 1461 958 semper

128 978 166 1009 et
187 985 234 1009 eo
256 972 417 1021 quidem
441 972 563 1021 magis
585 986 634 1009 ne
655 971 750 1021 quid
779 971 842 1009 ille
867 971 1112 1021 superiorum
1142 972 1367 1010 meminisse
1398 986 1461 1011 me

127 1044 291 1086 putaret.
352 1038 465 1085 Quae
496 1037 527 1075 si
557 1037 725 1075 maxime
756 1037 1035 1084 meminissem,
1068 1045 1199 1076 tamen
1232 1038 1334 1076 illius
1366 1046 1461 1077 tem-

126 1102 231 1152 poris
261 1102 559 1141 similitudinem
586 1102 663 1140 iam
691 1102 801 1152 sequi
823 1103 1019 1141 deberem.
1082 1102 1190 1140 Nihil
1218 1117 1281 1141 me
1310 1103 1459 1141 adiuvit

69 1180 105 1212 15
127 1182 217 1206 cum
239 1176 371 1218 posset
389 1183 397 1215 3
429 1170 498 1206 sed
519 1175 656 1218 postea
676 1168 746 1206 suit
773 1167 933 1214 amicus,
957 1168 1074 1206 etiam
1096 1169 1219 1214 valde,
1245 1181 1317 1207 nec
1338 1182 1456 1218 quam

126 1234 179 1272 ob
199 1247 358 1272 causam
380 1235 496 1283 plane
517 1233 608 1272 scio.
671 1235 774 1283 Ergo
795 1247 868 1283 ego
889 1247 1049 1283 quoque
1076 1233 1140 1271 illi.
1201 1233 1309 1282 Quin
1339 1234 1457 1272 etiarn

125 1299 221 1338 illud
242 1313 311 1350 par
331 1299 370 1337 in
392 1307 558 1350 utroque
579 1307 768 1347 nostrum,
785 1300 893 1349 quod
914 1300 965 1337 ab
985 1299 1134 1337 eisdem
1156 1299 1288 1337 inlecti
1309 1313 1455 1337 sumus,

124 1366 202 1403 Sed
243 1365 392 1403 utinam
432 1372 584 1402 tantum
618 1378 691 1415 680
726 1364 760 1403 ei
796 1365 983 1414 prodesse
1015 1364 1231 1414 potuissem
1264 1373 1455 1414 quantum

125 1429 220 1467 mihi
259 1430 323 1468 ille
362 1430 516 1480 potuit!
589 1430 690 1468 Mihi
731 1438 862 1468 tamen
903 1431 1011 1479 quod
1051 1430 1141 1468 fecit
1179 1430 1453 1480 gratissimum.

66 1511 104 1532 :0
124 1497 210 1533 Nec
237 1509 311 1545 ego
338 1509 444 1533 nunc
471 1509 562 1534 eum
590 1495 721 1534 iuvare
748 1509 825 1545 qua
850 1509 889 1533 re
920 1495 1066 1545 possim
1095 1495 1176 1533 scio
1204 1509 1288 1542 nec,
1312 1495 1343 1533 si
1370 1508 1456 1544 pos-

122 1574 216 1607 sem,
258 1574 349 1598 cum
398 1569 477 1598 tam
526 1561 753 1611 pestiferum
793 1562 939 1599 bellum
981 1569 1143 1611 pararet,
1183 1561 1452 1599 adiuvandum

122 1634 309 1676 putarem.
369 1627 542 1664 Tantum
563 1628 763 1665 offendere
783 1627 959 1664 animum
981 1626 1063 1664 eius
1084 1626 1148 1664 hic
1175 1640 1339 1664 manens
1360 1628 1453 1664 nolo
1472 1633 1498 1671 4

123 1705 196 1729 nec
226 1705 289 1729 me
310 1692 468 1729 hercule
489 1691 562 1729 ista
582 1691 714 1730 videre
736 1705 837 1741 quae
859 1700 900 1729 tu
922 1699 1035 1742 potes
1062 1691 1139 1729 iam
1167 1691 1300 1729 animo
1330 1690 1455 1741 provi-

123 1757 225 1802 dere,
250 1769 323 1794 nec
353 1756 539 1794 interesse
569 1755 650 1794 istis
681 1756 792 1794 malis
817 1770 986 1806 possem.
1046 1757 1125 1794 Sed
1155 1769 1203 1794 eo
1233 1755 1379 1793 tardior
1404 1756 1455 1794 ad

65 1836 102 1867 25
124 1821 411 1860 discedendum
445 1821 499 1858 fui
531 1823 639 1871 quod
671 1821 829 1860 difficile
861 1830 918 1860 est
948 1823 999 1860 de
1029 1821 1204 1860 discessu
1235 1820 1454 1858 voluntario

122 1885 206 1924 sine
227 1887 305 1924 ulla
325 1899 394 1936 spe
415 1886 561 1924 reditus
589 1886 769 1935 cogitare.
830 1888 933 1924 Nam
965 1900 1037 1937 ego
1068 1888 1173 1924 hunc
1201 1886 1254 1923 ita
1273 1893 1451 1935 paratum

121 1951 237 1990 video
271 1951 459 2001 peditam,
488 1950 675 2000 equitatu,
705 1951 905 1998 classibus,
935 1951 1086 1990 auxiliis
1118 1952 1320 1990 Gallorum
1352 1964 1451 2000 quos

122 2016 269 2055 Matius
301 2018 483 2063 ἐλάπιζεν,
510 2024 552 2054 ut
582 2024 688 2066 puto,
719 2018 788 2055 sed
819 2025 922 2055 certe
952 2017 1110 2056 dicebat
1139 2048 1145 2054 .
1178 2048 1185 2055 .
1219 2048 1226 2054 .
1258 2016 1448 2067 peditum,

120 2082 297 2132 equitum
319 2096 360 2120 se
380 2081 555 2132 polliceri
577 2089 735 2132 sumptu
757 2095 829 2120 suo
849 2096 974 2120 annos
996 2084 1146 2120 decem.
1207 2084 1284 2120 Sed
1306 2082 1354 2120 sit
1375 2083 1451 2121 hoc

169 2214 178 2233 1
209 2214 261 2233 me
292 2203 476 2233 Cormdus:
515 2202 596 2232 mihi
625 2201 672 2234 M.
701 2202 759 2233 sed
783 2203 818 2243 cf
845 2202 1004 2234 Sclmml:
1035 2202 1320 2234 ‘Ansibarbarus'
1346 2204 1364 2234 i.
1390 2215 1450 2244 735

124 2257 161 2285 15
187 2247 245 2276 sed
270 2248 350 2277 coni.
374 2245 579 2285 PVesenberg:
605 2251 640 2276 et
657 2245 716 2278 M:
750 2257 814 2277 om.
835 2246 976 2287 Madvig
1085 2257 1148 2278 nec
1167 2258 1267 2286 quam
1290 2246 1450 2287 Madvig:

121 2296 154 2319 et
171 2300 271 2328 quam
290 2289 328 2319 M
343 2303 349 2320 ε
373 2300 512 2329 ecquam
530 2290 651 2320 Rosius
742 2292 780 2320 16
797 2291 910 2321 nescio
928 2290 1050 2321 Rosius
1140 2301 1178 2329 19
1196 2295 1272 2331 post
1282 2291 1361 2321 fecit
1374 2291 1448 2322 add.

120 2333 259 2363 alterum
277 2333 357 2364 fecit
374 2344 438 2363 non
456 2333 543 2363 nulli
630 2344 671 2371 24
689 2343 826 2372 possum
841 2335 920 2365 coni.
943 2334 1046 2364 Orelli
1131 2336 1172 2365 28
1189 2345 1282 2366 ccmo
1300 2335 1449 2374 peditum

119 2375 240 2406 Bosius
250 2388 263 2414 ;
288 2377 435 2417 idcmqne
451 2388 531 2407 mox
546 2386 607 2407 sex
621 2381 682 2416 pro
699 2387 734 2407 se

1300 2432 1362 2463 21ss
