1742 2651
93 123 203 160 XIV.
228 123 287 160 xii
593 125 647 162 M.
681 126 847 163 TVLLI
880 127 1187 164 CICERONIS

187 245 210 281 3
286 236 416 283 Quam
445 237 596 274 dudum
626 236 721 273 nihil
751 238 879 274 habeo
905 239 1013 286 quod
1043 239 1093 275 ad
1123 245 1160 275 te
1191 237 1381 275 scribam}
1426 236 1563 275 Scribo

230 307 361 338 tamen
383 314 463 338 non
485 308 526 338 ut
547 302 740 339 delectem
770 301 829 339 his
856 301 990 339 litteris
1016 304 1085 340 sed
1107 310 1148 340 ut
1170 301 1322 340 eliciam
1344 309 1440 340 tuas.
1499 303 1562 339 Tu

229 364 259 402 si
290 365 385 414 quid
417 366 487 404 erit
519 367 569 403 de
604 366 752 411 ceteris,
782 368 832 404 de
867 369 988 404 Bruto
1021 366 1157 415 utique
1187 366 1390 416 quicquid.
1449 368 1563 404 Haec

230 430 442 480 conscripsi
474 442 501 467 x
535 432 624 468 Kal.
654 432 853 469 accubans
883 433 989 481 apud
1012 431 1248 479 Vestorium,
1276 431 1479 469 hominem
1510 445 1563 469 re-

229 503 380 532 motum
402 509 423 533 a
445 495 672 538 dialecticis,
694 495 733 532 in
755 495 1010 534 arithmeticis
1033 496 1123 534 satis
1146 496 1412 534 exercitatum.
1583 511 1599 541 5

270 642 386 676 XIII
545 646 614 677 ΞΝ.
637 647 669 676 ιἰι
690 646 843 677 Cumano
861 647 895 677 vi
907 647 950 678 K.
974 647 1055 678 Mai.
1077 658 1107 678 a.
1134 658 1190 686 710
1209 647 1298 687 (44).

635 735 806 766 CICERO
837 735 1019 766 ATTICO
1050 735 1156 767 SAL.

188 835 204 862 1
281 823 458 873 Septimo
492 823 664 872 denique
699 824 762 861 die
798 824 946 862 litterae
987 823 1082 861 mihi
1123 823 1298 862 redditae
1337 831 1427 861 sunt
1457 836 1559 873 quae

225 896 333 926 erant
360 902 382 926 a
407 897 444 926 te
472 900 548 925 xiil
584 890 671 925 Kal.
693 890 833 934 datae3
862 888 1006 938 quibus
1029 888 1182 938 quaeris
1206 896 1326 938 atque
1349 889 1466 926 etiam
1495 902 1558 926 me

224 954 351 1003 ipsum
381 953 530 991 nescire
556 953 751 991 arbitraris
780 961 908 991 utrum
939 953 1061 1003 magis
1086 953 1246 991 tumulis
1268 961 1558 1003 prospectuque
1583 968 1620 990 ιο

221 1032 270 1056 an
296 1019 565 1057 ambulatione
593 1021 752 1057 ἁλιτενεῖ
775 1021 956 1058 delecter.
1018 1021 1088 1057 Est
1114 1032 1177 1057 me
1198 1020 1366 1061 hercule,
1384 1027 1425 1056 ut
1446 1019 1554 1064 dicis,

222 1085 424 1134 utriusque
464 1085 537 1123 loci
576 1093 684 1123 tanta
722 1085 940 1123 amoenitas
980 1094 1021 1123 ut
1056 1085 1235 1123 dubitem
1276 1093 1361 1122 utra
1398 1092 1557 1134 antepo-

223 1152 353 1188 nenda
384 1151 442 1188 sit.

370 1217 478 1254 Ἀλλ’
507 1219 549 1254 οὐ
579 1216 700 1257 δαιτὸς
729 1219 912 1266 ἐπηράτου
943 1218 1031 1269 ἔργα
1059 1218 1237 1267 μέμηλεν,

367 1284 469 1320 ἀλλὰ
498 1283 584 1331 λίην
611 1284 707 1335 μέγα
736 1285 852 1333 πῆμα,
884 1283 1082 1332 διοτρεφές,
1113 1283 1348 1332 εἰσορόωντες
1579 1296 1615 1328 15

368 1348 534 1398 δείδιμεν·
566 1352 604 1387 ἐν
633 1349 714 1400 δοιῇ
743 1349 780 1387 δὲ
810 1351 1005 1399 σαωσέμεν
1033 1349 1056 1399 ἦ
1087 1350 1308 1387 ἀπολέσθαι.

177 1423 200 1450 2
223 1413 413 1461 Quamvis
453 1414 556 1451 enim
594 1422 634 1452 tu
675 1428 816 1464 magna
855 1423 891 1452 et
932 1414 1027 1452 mihi
1061 1414 1233 1452 iucunda
1273 1413 1470 1464 scripseris
1505 1415 1556 1451 de

226 1479 270 1515 I).
297 1478 403 1516 Bruti
433 1480 604 1516 adventu
632 1480 682 1517 ad
711 1493 799 1517 suas
827 1480 1000 1529 legiones
1026 1480 1064 1517 in
1092 1493 1172 1529 quo
1203 1493 1312 1530 spem
1344 1478 1553 1516 maximam

221 1543 347 1591 video,
372 1552 504 1582 tamen
533 1544 562 1581 si
592 1553 648 1582 est
674 1545 820 1582 bellum
850 1544 964 1583 civile
996 1547 1169 1583 futurum
1193 1546 1318 1596 (quod
1349 1551 1453 1582 certe
1484 1543 1554 1581 erit

220 1608 249 1645 si
286 1611 423 1647 Sextus
459 1609 497 1646 in
532 1610 648 1647 armis
684 1610 940 1659 permanebit,
977 1624 1095 1660 quem
1136 1623 1434 1661 permansurum
1468 1622 1554 1646 esse
1576 1623 1614 1644 20

220 1681 325 1711 Certo
353 1674 464 1720 scio),
488 1674 583 1723 quid
612 1674 726 1711 nobis
755 1674 979 1712 faciendum
1009 1675 1057 1713 sit
1078 1675 1228 1725 ignoro.
1285 1676 1427 1724 Neque
1447 1673 1553 1711 enim

220 1738 296 1776 iam
335 1739 468 1777 licebit
501 1740 609 1788 quod
643 1739 820 1778 Caesaris
862 1740 966 1778 bello
1002 1739 1110 1778 licuit
1140 1754 1270 1789 neque
1308 1741 1385 1777 huc
1424 1752 1553 1788 neque

220 1804 323 1841 illuc.
383 1805 688 1854 Quemcumque
719 1805 824 1842 enim
854 1807 951 1843 haec
980 1819 1067 1855 pars
1097 1804 1339 1854 perditorum
1366 1806 1551 1842 laetatum

221 1869 397 1907 Caesaris
424 1877 548 1907 morte
570 1870 723 1919 putabit
744 1869 949 1920 (laetitiam
971 1878 1103 1908 autem
1127 1869 1370 1919 apertissime
1391 1868 1552 1906 tulimus

220 1935 386 1986 omnes),
421 1937 526 1972 bunc
560 1935 598 1972 in
633 1936 804 1973 hostium
842 1949 1006 1973 numero
1039 1935 1226 1979 liabebit;
1273 1948 1374 1984 quae
1408 1947 1466 1970 res
1501 1934 1551 1970 ad
1574 1949 1611 1980 25

219 2002 382 2038 caedem
409 2001 619 2038 maximam
646 2010 806 2051 spectat.
870 2003 1005 2038 Restat
1028 2008 1068 2038 ut
1090 2000 1128 2037 in
1151 2008 1275 2037 castra
1296 1998 1399 2037 Sexti
1419 2006 1497 2044 aut,
1521 1998 1551 2035 si

220 2067 328 2111 forte,
354 2066 461 2103 Bruti
493 2080 564 2103 nos
596 2068 854 2104 conferamus.
919 2068 997 2103 Res
1025 2066 1162 2103 odiosa
1193 2073 1230 2102 et
1258 2064 1385 2102 aliena
1409 2063 1551 2100 nostris

219 2131 412 2168 aetatibus
433 2139 470 2168 et
489 2131 637 2168 incerto
658 2132 761 2169 exitu
786 2129 925 2182 [belli]q
942 2138 978 2168 et
1001 2130 1134 2167 nescio
1156 2143 1235 2179 quo
1255 2136 1370 2179 pacto
1387 2127 1456 2166 tibi
1478 2141 1551 2177 ego

220 2209 393 2245 possum,
418 2197 511 2234 mihi
534 2206 574 2235 tu
597 2197 738 2242 dicere,

269 2311 279 2329 I
308 2300 509 2338 Quanquam
530 2300 715 2331 Gronovius
804 2309 822 2328 2
847 2304 879 2328 te
898 2303 973 2328 ant?
989 2299 1151 2329 delectem
1170 2297 1247 2328 add.
1267 2298 1385 2328 Lamb.
1480 2296 1548 2337 his]

222 2344 305 2373 meis
319 2343 414 2375 Man.
506 2354 542 2373 21
571 2349 666 2374 certo
684 2341 714 2371 E
730 2343 849 2373 Lami».
867 2354 873 2372 ε
898 2348 989 2372 certe
1004 2342 1045 2372 M
1132 2344 1173 2372 28
1198 2341 1246 2379 etl
1266 2346 1317 2371 est
1335 2341 1433 2370 Klots>
1500 2341 1547 2369 in-

220 2392 333 2417 certus
350 2387 461 2416 exitus
478 2388 556 2417 com'.
580 2386 704 2416 Msiller
819 2385 895 2415 belli
913 2387 980 2417 secl.
1004 2386 1089 2416 Reid
1209 2380 1258 2424 et]
1277 2391 1312 2415 ut
1331 2385 1410 2414 coni.
1432 2382 1555 2413 Miiller

219 2434 311 2469 (cum
328 2430 471 2469 possim)
605 2441 646 2469 29
671 2440 805 2469 possum
828 2428 1008 2460 Graevius:
1033 2430 1157 2469 possim
1176 2428 1263 2459 codd.
