1742 2651
56 73 167 111 XIV.
190 73 267 109 xiii
572 74 627 110 M.
660 73 827 110 TVLLI
860 72 1166 111 CICERONIS

206 196 325 232 quam
366 183 591 229 honorifice,
629 184 738 232 quod
776 184 826 220 ad
867 197 929 221 me
971 182 1122 229 attinet,
1155 197 1200 220 ex
1240 181 1359 232 ipsius
1398 181 1532 219 litteris

206 262 420 298 cognosces
440 248 544 297 (misi
566 247 670 286 enim
693 247 762 285 tibi
783 246 1038 297 exemplum),
1056 260 1174 296 quam
1195 246 1398 293 dissolute,
1415 260 1531 295 quam

206 313 367 363 turpiter
394 327 592 362 quamque
627 313 679 350 ita
710 312 927 362 perniciose
958 320 998 350 ut
1028 326 1108 349 non
1142 325 1359 361 numquam
1391 312 1534 350 Caesar

205 378 489 416 desiderandus
519 391 604 415 esse
631 377 808 415 videatur
832 377 944 415 facile
975 376 1226 414 existimabis.
1285 378 1399 425 Quae
1428 375 1531 413 enim

205 444 350 481 Caesar
370 456 587 491 numquam
609 455 737 491 neque
758 441 912 480 fecisset
929 455 1057 491 neque
1078 454 1214 491 passus
1236 449 1347 487 esset,
1365 454 1409 478 ea
1430 453 1531 477 nunc
1552 456 1568 486 5

205 521 251 545 ex
268 507 371 545 falsis
388 507 470 545 eius
487 506 778 545 commentariis
796 507 1056 556 proferuntur.
1106 507 1191 555 Ego
1211 513 1342 543 autem
1358 505 1531 543 Antonio

204 572 433 610 facillimum
469 586 531 610 me
566 571 738 621 praebui.
800 571 958 609 Etenim
995 571 1070 617 ille,
1103 570 1290 619 quoniam
1326 572 1446 608 semel
1482 570 1532 607 in-

203 637 314 676 duxit
340 637 516 675 animum
545 637 618 675 sibi
646 637 760 675 licere
788 638 895 686 quod
923 638 1049 683 vellet,
1073 636 1226 674 fecisset
1254 636 1377 674 nihilo
1404 635 1530 673 minus

205 717 267 741 me
302 702 434 740 invito.
506 704 645 752 Itaque
686 716 860 740 mearum
895 715 1055 752 quoque
1089 701 1302 740 litterarum
1342 700 1428 739 misi
1462 699 1529 738 tibi

203 769 439 818 exemplum.
1553 778 1591 799 10

847 884 894 920 A.

391 979 460 1012 Ser.
478 979 607 1010 Romae
623 980 707 1010 inter
721 990 749 1010 a.
771 978 800 1011 d.
818 990 842 1009 x
857 982 886 1009 et
900 979 947 1009 vz't'
960 978 1003 1009 K.
1026 977 1106 1009 Mai.
1129 989 1157 1008 a.
1181 988 1237 1017 710
1256 978 1340 1018 (44).

428 1066 666 1098 ANTONIVS
705 1067 804 1098 COS.
836 1067 869 1098 S.
909 1068 949 1097 D.
984 1067 1028 1098 M.
1065 1067 1302 1097 CICERONI.

165 1170 183 1197 1
257 1157 599 1206 Occupationibus
627 1164 683 1194 est
707 1158 852 1194 factum
878 1156 974 1194 meis
995 1164 1032 1194 et
1054 1156 1183 1194 subita
1204 1164 1270 1193 tua
1291 1155 1532 1205 profectione

203 1237 252 1260 ne
286 1231 416 1260 tecum
456 1236 587 1260 coram
623 1223 673 1260 de
708 1223 780 1259 hac
816 1236 855 1260 re
893 1235 1058 1272 agerem.
1120 1223 1251 1270 Quam
1286 1222 1338 1258 ob
1373 1234 1530 1259 causam
1553 1235 1589 1266 15

203 1301 336 1326 vereor
358 1302 406 1325 ne
430 1287 609 1325 absentia
630 1301 716 1325 mea
738 1287 858 1325 levior
879 1287 925 1324 sit
946 1288 1053 1337 apud
1074 1295 1121 1324 te.
1183 1287 1304 1335 Quod
1325 1286 1355 1323 si
1377 1285 1531 1324 bonitas

202 1362 268 1391 tua
307 1353 551 1403 responderit
590 1352 737 1390 iudicio
777 1365 865 1390 meo
900 1353 1008 1402 quod
1047 1365 1200 1402 semper
1239 1351 1358 1388 habui
1397 1352 1447 1389 de
1481 1359 1529 1399 te,

201 1419 393 1469 gaudebo.

158 1499 182 1525 2
256 1486 291 1521 A
313 1485 480 1522 Caesare
510 1483 603 1533 petii
634 1491 675 1520 ut
706 1485 792 1521 Sex.
821 1482 1007 1522 Clodium
1038 1481 1279 1525 restitueret;
1315 1481 1531 1531 impetravi.

204 1551 296 1586 Erat
325 1549 418 1586 mihi
445 1550 483 1586 in
509 1549 643 1587 animo
668 1549 784 1587 etiam
813 1558 895 1586 tum
927 1549 981 1586 516
1012 1548 1066 1586 1111
1096 1547 1289 1586 beneficio
1320 1547 1402 1584 eius
1432 1547 1461 1584 si
1490 1555 1530 1584 tu
1553 1563 1591 1583 20

201 1615 477 1653 concessisses.
530 1617 623 1663 Quo
645 1616 766 1664 magis
788 1615 924 1652 laboro
946 1622 987 1652 ut
1008 1622 1074 1652 tua
1094 1615 1295 1651 voluntate
1322 1613 1360 1650 id
1381 1626 1448 1662 per
1469 1625 1531 1649 1116

202 1682 328 1719 facere
358 1694 463 1718 nunc
491 1681 607 1718 liseat.
670 1681 791 1728 Quod
826 1680 856 1717 si
888 1680 1085 1717 duriorem
1117 1686 1154 1716 te
1184 1678 1266 1716 eius
1303 1677 1464 1715 miserae
1494 1684 1531 1714 61

200 1746 382 1784 adflictae
421 1747 599 1783 fortunae
639 1745 812 1795 praebes,
851 1759 929 1782 non
965 1745 1204 1783 contendam
1240 1756 1313 1793 ego
1346 1743 1530 1780 adversus

202 1820 250 1858 te,
273 1825 514 1861 quamquam
539 1811 675 1849 videor
695 1811 839 1849 debere
866 1810 964 1848 tueri
990 1808 1318 1848 commentarium
1341 1806 1527 1846 Caesaris.

201 1878 280 1916 Sed
315 1891 377 1915 me
407 1878 575 1922 hercule,
609 1876 639 1913 si
679 1876 901 1914 humaniter
939 1884 977 1913 et
1012 1875 1207 1925 sapienter
1245 1882 1282 1912 61
1313 1872 1532 1910 amabiliter
1553 1884 1590 1915 ²5

201 1942 240 1979 in
272 1956 334 1980 me
363 1942 533 1991 cogitare
568 1941 637 1989 vis,
662 1941 815 1979 facilem
846 1943 1022 1991 profecto
1053 1949 1090 1979 te
1120 1939 1326 1990 praebebis
1359 1946 1397 1977 et
1424 1940 1531 1976 voles

203 2009 243 2044 P.
275 2007 472 2053 Clodium,
503 2006 542 2043 in
575 2006 724 2056 optima
756 2020 824 2055 spe
855 2018 1020 2056 puerum
1057 2005 1286 2055 repositum,
1312 2002 1531 2041 existimare

202 2085 282 2109 non
323 2080 359 2110 16
400 2073 633 2110 insectatum
673 2086 770 2114 esse.
801 2085 891 2109 611111
931 2071 1114 2121 1101116115,
1147 2070 1295 2107 amicos
1334 2077 1528 2118 paternos.

156 2150 180 2187 3
208 2139 350 2184 Patere,
374 2138 551 2185 obsecro,
569 2144 607 2175 te
628 2150 698 2186 pro
720 2151 758 2175 re
780 2136 937 2186 publica
958 2135 1079 2174 videri
1101 2134 1265 2185 gessisse
1292 2133 1529 2171 simultatem

244 2251 264 2280 3
289 2242 332 2270 ita
349 2251 413 2271 om.
435 2239 535 2271 Rom.
674 2250 693 2278 5
718 2250 828 2279 neque
846 2239 981 2270 fecisset
994 2250 1103 2279 neque
1117 2248 1237 2278 passus
1252 2242 1342 2266 esset
1356 2236 1399 2267 C:
1420 2247 1530 2275 neque

200 2285 337 2314 fecisset
357 2283 426 2316 M¹:
461 2294 571 2323 neque
590 2284 671 2314 fecit
690 2294 801 2323 neque
818 2283 953 2314 fecisset
973 2283 1024 2312 M2
1179 2283 1201 2311 6
1235 2281 1326 2311 salsis
1344 2280 1401 2311 del.
1425 2280 1526 2318 Cobet,

201 2329 256 2359 vix
272 2332 346 2358 recle
477 2338 517 2357 22
542 2327 639 2358 liceat
656 2327 732 2358 add.
755 2331 826 2357 vett.
