1742 2651
82 115 199 152 IX.X
558 115 613 151 M.
646 115 813 151 TVLLI
846 114 1153 152 CICERONIS

130 235 175 261 10
196 224 263 261 tati
285 232 439 262 nostrae
460 226 719 262 consulucro)
776 236 833 261 vu
858 225 952 261 Idus
982 223 1143 261 Martias
1164 223 1300 262 scribis
1322 225 1530 262 Peducaeo

195 303 355 338 quoque
383 297 516 327 nostro
541 289 695 339 probari
717 290 826 338 quod
854 288 1030 338 quierim,
1053 288 1164 326 cuius
1194 289 1404 327 auctoritas
1436 291 1531 327 mul-

195 362 279 392 tum
308 356 415 404 apud
445 369 507 392 me
537 356 651 391 valet.
710 354 785 391 His
813 367 886 403 ego
906 353 982 391 tuis
1009 353 1161 403 scriptis
1188 367 1252 391 me
1278 356 1459 392 consolor
1488 362 1530 392 ut

196 419 292 456 nihil
312 433 335 457 a
357 433 418 457 me
438 421 569 457 adhuc
599 418 786 456 delictum
815 426 963 468 putem.
1020 420 1083 456 Tu
1111 419 1233 456 modo
1258 418 1529 456 auctoritatem

198 492 303 522 tuam
334 484 565 531 defendit03
604 484 790 521 adversus
823 497 886 521 me
921 483 1017 520 nihil
1047 497 1146 532 opus
1178 490 1236 520 est
1263 484 1332 521 sed
1363 484 1530 522 consciis

196 563 292 598 egeo
326 549 422 586 aliis.
482 550 566 597 Ego
597 548 628 585 si
660 547 755 585 nihil
791 547 961 597 peccavi,
996 547 1144 597 reliqua
1175 548 1326 586 tuebor.
1383 550 1448 586 Ad
1486 563 1531 587 ea

197 621 278 651 tute
312 615 465 651 hortare
500 620 537 650 et
569 627 632 650 me
671 612 833 650 omnino
865 620 931 650 tua
965 612 1201 662 cogitatione
1238 613 1393 650 adiuva.
1451 614 1531 652 Hie

197 678 391 716 nihildum
426 679 476 716 de
510 678 636 716 reditu
672 677 849 716 Caesaris
880 676 1124 715 audiebatur.
1183 679 1268 727 Ego
1300 677 1358 715 his
1397 677 1531 716 litteris

198 745 274 781 hoc
295 751 426 781 tamen
448 742 604 793 profeci,
629 742 772 793 perlegi
793 741 921 780 omnis
943 750 1027 780 tuas
1049 750 1086 780 et
1108 742 1147 780 in
1168 756 1216 780 co
1235 742 1426 792 acquievi.

244 911 310 945 XI
479 912 546 944 ΞΝ.
566 913 597 942 ιἰι
618 913 798 943 Formiano
814 912 931 942 .1·1'1'1'K.
950 912 1031 951 Aps.
1051 923 1081 942 a.
1104 922 1156 951 705
1169 912 1255 951 (49).

615 996 785 1027 CICERO
808 995 989 1025 ATTICO
1011 994 1116 1025 SAL.

258 1082 469 1120 Lentulum
509 1087 684 1117 nostrum
726 1078 799 1115 scis
842 1077 1012 1115 Puteolis
1052 1079 1168 1115 esse?
1226 1079 1347 1126 Quod
1381 1092 1470 1115 cum
1511 1092 1532 1116 e

202 1146 348 1185 viatore
370 1146 544 1195 quodam
565 1152 667 1182 esset
688 1143 866 1182 auditum
887 1143 954 1192 qui
982 1156 1023 1181 se
1050 1143 1197 1181 diceret
1218 1157 1307 1181 eum
1330 1143 1368 1180 in
1389 1143 1530 1193 Appia,

202 1226 292 1250 cum
323 1212 354 1249 is
384 1212 545 1260 paulum
575 1209 754 1247 lecticam
783 1208 1008 1258 aperuisset,
1033 1222 1235 1258 cognosse,
1258 1208 1329 1246 etsi
1359 1208 1421 1246 vix
1454 1208 1532 1246 veri

203 1277 328 1315 simile
361 1282 424 1322 est,
457 1275 543 1312 misi
574 1283 705 1312 tamen
740 1276 925 1312 Puteolos
956 1287 1098 1323 pueros
1130 1273 1196 1323 qui
1230 1273 1532 1324 pervestigarent

202 1350 239 1381 et
260 1343 309 1380 ad
332 1355 421 1380 eum
443 1341 598 1379 litteras.
660 1342 849 1378 Inventus
874 1346 931 1377 est
961 1339 1023 1376 vix
1043 1339 1082 1376 in
1110 1338 1231 1377 hortis
1253 1338 1331 1376 suis
1351 1352 1387 1376 se
1406 1340 1534 1377 occul-

202 1416 287 1446 tans
309 1408 535 1456 litterasque
556 1405 650 1443 mihi
672 1405 819 1443 remisit
848 1405 1009 1442 mirifice
1036 1404 1176 1454 gratias
1204 1418 1323 1454 agens
1349 1405 1507 1444 Caesari
1526 1419 1535 1452 3

201 1475 251 1511 de
281 1486 352 1511 suo
381 1479 513 1509 autem
544 1470 708 1509 consilio
740 1471 782 1509 C.
808 1469 950 1509 Caesio
976 1471 1162 1508 mandata
1190 1471 1242 1507 ad
1272 1484 1335 1508 me
1364 1469 1530 1508 dedisse.

204 1540 305 1576 Eum
328 1550 399 1586 ego
420 1535 539 1574 hodie
560 1535 848 1585 exspectabam,
872 1535 912 1573 id
933 1543 991 1573 est
1011 1547 1088 1572 XIII
1114 1537 1164 1573 K.
1187 1535 1343 1586 Aprilis.

256 1601 375 1640 Venit
402 1600 519 1638 etiam
539 1601 590 1638 ad
612 1613 674 1637 me
697 1599 844 1637 Matius
871 1600 1196 1650 Quinquatribus,
1221 1603 1342 1640 homo
1369 1616 1432 1641 me
1453 1603 1535 1640 her-

204 1668 301 1713 cule,
324 1674 366 1704 ut
394 1665 489 1703 mihi
510 1665 614 1703 visus
644 1672 712 1711 est,
736 1673 975 1715 temperatus
1001 1674 1039 1704 et
1066 1668 1264 1716 prudens,
1294 1667 1534 1706 existimatus

204 1732 365 1782 quidem
386 1738 444 1769 est
465 1744 618 1780 semper
638 1738 773 1768 auctor
794 1731 860 1769 oti.
920 1734 1051 1782 Quam
1079 1733 1143 1770 ille
1170 1734 1246 1771 hoc
1271 1747 1351 1771 non
1372 1734 1536 1784 probare

206 1797 301 1835 mihi
331 1796 491 1846 quidem
522 1796 626 1833 visus
656 1803 724 1842 est,
748 1810 866 1846 quarn
898 1798 1003 1836 illam
1034 1800 1184 1845 νέκυιαν,
1208 1807 1249 1836 ut
1280 1806 1320 1836 tu
1350 1800 1532 1849 appellas,

207 1862 366 1900 timere!
426 1861 534 1900 Huic
573 1875 644 1912 ego
684 1862 723 1899 in
764 1865 887 1901 multo
928 1877 1108 1902 sermone
1147 1864 1353 1913 epistulam
1387 1865 1438 1902 ad
1473 1877 1536 1901 me

208 1926 385 1966 Caesaris
420 1927 586 1974 ostendi,
616 1942 702 1966 earn
737 1928 847 1967 cuius
882 1930 1105 1977 exemplum
1136 1930 1187 1967 ad
1222 1937 1259 1967 te
1289 1936 1405 1967 antea
1435 1928 1532 1974 rnisi,

208 1992 418 2042 rogavique
448 2001 489 2031 ut
519 1994 833 2044 interpretaretur
864 1993 959 2043 quid
988 2002 1089 2032 esset
1113 1996 1221 2044 quod
1249 1994 1312 2032 ille
1339 1994 1523 2032 scriberet

211 2057 400 2095 ‘consilio
429 2072 517 2096 meo
545 2073 585 2097 se
613 2059 669 2097 uti
694 2060 803 2105 velle,
836 2058 966 2108 gratia,
1000 2059 1200 2109 dignitate,
1233 2073 1307 2109 ope
1341 2073 1468 2097 rerum
1500 2074 1539 2098 o-

210 2122 385 2160 mnium.'
422 2124 645 2173 Respondit
663 2138 703 2162 se
721 2137 801 2161 non
819 2123 998 2161 dubitare
1016 2124 1110 2173 quin
1127 2132 1164 2162 et
1182 2138 1297 2173 opem
1319 2132 1357 2162 et
1376 2124 1537 2174 gratiam

211 2201 339 2226 meam
375 2188 438 2226 ille
469 2190 518 2226 ad
554 2188 867 2238 pacificationem
908 2196 1119 2237 quaereret.
1179 2189 1338 2226 Vtinam
1377 2189 1538 2239 aliquod

260 2304 297 2333 15
323 2300 374 2324 est
392 2293 465 2325 add.
486 2293 571 2323 Reid
584 2293 630 2324 ad
643 2293 747 2324 Acad.
770 2294 802 2325 ii.
820 2303 840 2332 3
942 2294 981 2323 16
1004 2294 1071 2324 suis
1088 2304 1124 2324 sc
1142 2294 1229 2333 vulg.
1247 2305 1253 2323 :
1278 2303 1355 2325 sues
1372 2292 1413 2323 M
1503 2295 1540 2324 18

214 2338 336 2368 Caesio
361 2337 523 2369 Sclmzsdt.
549 2337 584 2376 cs.
611 2336 659 2367 ad
682 2348 729 2375 13.
752 2348 791 2376 7:
816 2337 915 2367 Cetio
937 2336 996 2367 M:
1029 2338 1154 2368 Caecio
1179 2335 1273 2368 Man.
1414 2347 1453 2376 19
1476 2347 1539 2367 xm

214 2381 353 2412 Rosius:
379 2391 453 2411 xnrx
473 2380 513 2410 M
642 2391 683 2410 :22
709 2381 791 2412 haec
808 2385 878 2412 vett.
899 2379 1086 2420 Wesenberg

1555 918 1594 940 10

1555 1289 1592 1322 15

1557 1939 1595 1970 ²5
