1742 2651
152 93 238 130 XV.
263 103 293 128 v
626 93 681 129 M.
714 93 882 129 TVLLI
915 92 1223 131 CICERONIS

260 202 313 241 ita
342 202 474 241 scribit
505 210 542 241 et
565 203 711 241 Balbus
741 210 779 241 et
812 204 967 252 Oppius.
1029 203 1182 241 Hirtius
1209 203 1370 253 quidem
1399 217 1439 242 se
1468 205 1592 242 afutu-

260 281 345 306 rum
367 268 530 318 (etenim
559 268 635 305 iam
664 268 703 305 in
725 269 954 305 Tusculano
978 267 1054 318 est)
1075 268 1251 318 mihique
1272 276 1314 306 ut
1333 268 1459 307 absim
1480 270 1593 307 vehe-

260 340 412 371 menter
437 340 573 371 auctor
600 340 668 378 est,
693 340 730 370 et
758 332 821 370 ille
851 332 1012 382 quidem
1044 332 1205 382 periculi
1236 347 1354 371 causa
1380 335 1489 382 quod
1519 333 1593 371 sibi

260 397 378 436 etiam
410 397 527 435 fuisse
557 396 662 443 dicit,
693 410 765 446 ego
798 404 943 441 autem,
975 397 1092 435 etiam
1123 405 1165 434 ut
1194 399 1346 435 nullum
1376 397 1593 448 periculum

263 461 323 507 sit,
342 469 493 500 tantum
515 461 627 499 abest
648 468 690 499 ut
707 461 857 499 Antoni
879 461 1145 511 suspicionem
1170 463 1301 512 fugere
1329 476 1435 500 nunc
1460 476 1592 500 curem
1614 479 1630 510 5

264 541 313 565 ne
334 527 466 565 videar
492 527 574 565 eius
602 526 785 564 secundis
816 527 931 565 rebus
958 541 1038 565 non
1067 527 1262 573 delectari,
1286 535 1327 565 ut
1355 527 1450 564 mihi
1477 541 1595 565 causa

219 604 244 641 3
263 606 309 630 ea
338 592 386 630 sit
416 606 483 630 cur
512 594 682 630 Romam
713 591 844 629 venire
874 592 996 629 nolim
1027 606 1076 630 ne
1106 592 1215 629 illum
1245 592 1411 630 videam.
1471 594 1594 630 Varro

262 665 396 696 autem
436 665 568 696 noster
600 658 651 695 ad
690 670 753 695 me
792 656 1000 707 epistulam
1040 657 1144 695 misit
1178 657 1252 695 sibi
1290 671 1313 695 a
1346 657 1480 695 nescio
1514 671 1594 707 quo

262 722 421 761 missam
450 723 613 773 (nomen
641 722 747 760 enim
775 722 966 771 delerat);
999 721 1039 759 in
1067 736 1145 771 qua
1171 722 1358 772 scriptum
1390 730 1469 760 erat
1493 730 1594 760 vete-

262 801 377 826 ranos
408 801 475 826 eos
505 787 572 837 qui
602 787 810 825 reiciantur
839 786 947 837 (nam
979 795 1128 837 partem
1160 801 1245 826 esse
1276 787 1495 837 dimissam)
1526 786 1594 824 im-
1617 803 1655 825 10

263 853 496 904 probissime
523 852 646 902 loqui,
666 860 708 890 ut
735 866 879 902 magno
906 852 1081 902 periculo
1105 854 1259 891 Romae
1286 853 1362 891 sint
1389 852 1505 890 futuri
1526 852 1593 902 qui

262 919 314 957 ab
341 933 476 958 eorum
504 918 679 968 partibus
700 917 906 956 dissentire
927 918 1143 956 videantur.
1203 918 1302 967 Quis
1324 932 1439 968 porro
1464 925 1595 956 noster

264 984 352 1031 itus,
389 984 547 1029 reditus,
582 985 722 1029 vultus,
764 983 939 1021 incessus
990 983 1089 1021 inter
1124 983 1249 1021 istos?
1317 985 1438 1032 Quod
1479 983 1520 1029 si,
1554 991 1594 1021 ut

263 1049 410 1095 scribis,
444 1051 486 1086 L.
510 1048 708 1086 Antonius
738 1048 776 1085 in
814 1050 861 1085 D.
893 1050 1070 1094 Brutum,
1098 1048 1235 1097 reliqui
1266 1047 1304 1085 in
1335 1056 1499 1095 nostros,
1522 1062 1595 1098 ego

263 1114 359 1164 quid
389 1114 528 1152 faciam
557 1121 624 1151 aut
651 1127 732 1163 quo
762 1127 825 1151 me
856 1122 972 1163 pacto
999 1115 1160 1163 geram?
1209 1112 1311 1150 Mihi
1333 1127 1424 1151 vero
1450 1113 1594 1151 delibe-
1618 1129 1653 1160 ¹5

264 1187 390 1217 ratum
421 1187 489 1226 est,
513 1187 554 1217 ut
584 1193 689 1217 nunc
719 1179 881 1229 quidem
911 1187 984 1223 est,
1009 1180 1148 1217 abesse
1177 1193 1223 1217 ex
1251 1193 1298 1217 ea
1327 1179 1423 1216 urbe
1451 1177 1490 1215 in
1517 1192 1596 1227 qua

264 1259 345 1283 non
384 1246 505 1283 modo
544 1244 656 1282 florui
695 1259 785 1282 cum
826 1258 981 1282 summa
1014 1258 1148 1282 verum
1183 1244 1301 1282 etiam
1335 1243 1473 1282 servivi
1504 1257 1594 1281 Cum

262 1309 395 1359 aliqua
427 1309 643 1359 dignitate3
685 1323 757 1347 nec
792 1317 871 1346 tam
907 1309 1023 1347 statui
1055 1323 1101 1347 ex
1138 1309 1252 1347 Italia
1285 1308 1399 1355 exire,
1431 1309 1481 1346 de
1515 1321 1595 1358 quo

265 1382 396 1413 tecum
426 1375 665 1421 deliberabo,
696 1388 814 1424 quam
845 1374 944 1412 istuc
974 1388 1055 1412 non
1082 1373 1223 1412 venire.

308 1481 374 1515 VI
479 1485 549 1515 Ser.
570 1485 602 1514 1'11
625 1484 808 1514 Tusculano
825 1484 859 1513 vi
871 1484 913 1514 K.
935 1484 1010 1514 Iun.
1027 1485 1149 1524 vesperi
1162 1495 1191 1515 (ι.
1215 1494 1271 1523 710
1290 1483 1375 1525 (44).
1618 1500 1656 1520 20

672 1561 842 1591 CICERO
873 1561 1054 1591 ATTICO
1083 1561 1188 1592 SAL.

228 1645 244 1670 1
321 1637 423 1674 Cum
461 1636 512 1673 ad
552 1648 615 1672 me
656 1636 798 1671 Brutus
838 1641 970 1671 noster
1008 1633 1225 1683 scripsisset
1266 1641 1303 1672 et
1343 1633 1513 1680 Cassius,
1554 1641 1596 1671 ut

266 1700 451 1746 Hirtium,
486 1700 553 1748 qui
591 1700 722 1737 adhuc
762 1698 890 1736 bonus
930 1698 1065 1736 fuisset
1105 1699 1310 1746 (sciebam,
1342 1713 1470 1748 neque
1504 1713 1594 1736 eum

263 1766 516 1804 confidebam
549 1766 630 1803 fore
663 1777 750 1801 mea
780 1763 1011 1801 auctoritate
1046 1764 1274 1805 meliorem:
1322 1763 1498 1801 Antonio
1537 1771 1594 1802 est

265 1831 369 1870 enim
402 1832 565 1868 fortasse
597 1829 737 1875 iratior,
767 1842 908 1866 causae
940 1843 1031 1868 vero
1064 1829 1353 1880 amicissimus),
1376 1837 1508 1867 tamen
1542 1830 1593 1867 ad
1616 1845 1646 1875 2²

266 1911 356 1935 eum
388 1895 523 1946 scripsi
555 1895 670 1945 eique
700 1894 931 1945 dignitatem
954 1895 1062 1933 Bruti
1094 1903 1131 1933 et
1162 1895 1271 1934 Cassi
1303 1895 1590 1933 commendavi.

268 1964 339 2000 Ille
369 1961 464 2011 quid
495 1960 590 1998 mihi
621 1960 878 2009 rescripsisset
909 1961 1006 1999 scire
1037 1969 1074 1999 te
1101 1960 1217 2007 volui,
1241 1960 1271 1998 si
1296 1962 1393 1998 forte
1421 1959 1525 1997 idem
1551 1967 1592 1998 tu

312 2077 322 2095 1
351 2070 385 2096 et
413 2066 539 2096 Balbus
561 2070 595 2095 et
618 2066 772 2105 Oppius:
811 2066 943 2096 Hirtius
968 2066 1046 2096 coni.
1080 2065 1220 2096 Miillcr:
1252 2075 1317 2095 om.
1345 2064 1478 2103 Oppius
1503 2064 1589 2094 codd.

263 2110 409 2140 futurum
435 2109 554 2140 Orelli:
590 2115 740 2140 acturum
766 2109 823 2139 M:
852 2115 953 2148 negat
980 2111 1103 2140 iturum
1130 2109 1216 2140 Reid
1343 2118 1364 2146 3
1389 2112 1440 2137 est
1463 2112 1495 2137 et
1518 2118 1547 2138 v.
1568 2119 1591 2138 c.

262 2152 292 2183 L
312 2154 480 2193 (marg.)
505 2159 539 2184 et
558 2154 619 2184 M
644 2160 723 2184 estz
728 2154 802 2194 ulg.
951 2165 967 2193 7
994 2164 1080 2184 curt
1085 2157 1163 2184 elt.:
1192 2158 1226 2183 ut
1244 2151 1328 2183 codd
1463 2161 1503 2189 23
1536 2152 1592 2190 qui

368 2197 682 2239 fuisset—(fuisse)
715 2197 912 2228 sciebam..
936 2198 1156 2228 ,sore—mea
1187 2196 1387 2226 auctoritate
1419 2194 1592 2225 meliorem

263 2239 496 2290 (facerem)—
502 2242 654 2272 Antonio
693 2241 834 2280 Terzell
868 2241 949 2279 qui
971 2265 977 2271 .
1003 2241 1146 2271 .fuisset
1181 2238 1436 2281 (confirmarem
1470 2242 1503 2268 et
1535 2249 1591 2268 ex-

264 2285 412 2322 citarem,
439 2284 503 2314 etsi
526 2285 636 2314 alieno
661 2295 679 2314 a
704 2295 803 2314 causa
826 2284 938 2314 animo
960 2283 1088 2325 fuisse>
1112 2283 1270 2320 sciebam,
1298 2292 1409 2321 neque
1434 2292 1509 2312 eum
1529 2304 1535 2310 .
1554 2304 1561 2311 .
1582 2304 1590 2311 .

264 2327 631 2358 meliorem-Antonio
662 2327 824 2368 Madvig:
862 2338 962 2366 quem
994 2328 1102 2358 adhuc
1137 2327 1260 2357 bonum
1292 2325 1396 2355 fuisse
1427 2325 1588 2363 sciebant,

264 2382 375 2411 neque
393 2372 482 2402 enim
501 2372 718 2402 confidebant
736 2395 742 2402 .
761 2395 768 2401 .
790 2394 796 2401 .
817 2371 988 2401 meliorem
1003 2369 1346 2401 facerem—Antonio
1363 2368 1417 2398 M²
