1742 2651
118 882 154 903 10

114 1244 149 1276 15

110 1577 147 1597 20

583 136 694 172 EPP.
727 135 805 171 AD
836 134 1095 172 ATTICVM
1477 135 1547 170 XI.

177 252 284 284 terea
305 246 512 293 videbitur,
535 245 653 284 etiam
675 245 838 284 Servilio
869 245 1106 291 conscribas,
1129 252 1171 282 ut
1202 245 1272 282 tibi
1303 245 1507 289 videbitur,

178 323 268 348 meo
288 311 460 349 nornine.
521 311 643 359 Quod
671 318 780 348 tanto
810 310 1013 348 intervallo
1038 309 1134 346 nihil
1165 310 1329 347 omnino
1359 311 1408 347 ad
1439 324 1507 348 vos

176 375 322 424 scripsi,
346 375 406 413 his
425 375 560 413 litteris
582 376 758 424 profecto
784 374 976 424 intellegis
1000 388 1081 412 rem
1108 374 1203 411 mihi
1225 375 1338 411 desse
1359 375 1408 411 de
1429 388 1507 423 qua

176 439 359 487 scribam,
381 453 459 477 non
482 441 735 479 voluntatem.

230 504 351 552 Quod
371 505 422 542 de
442 504 604 542 Vatinio
633 505 797 554 quaeris,
821 518 950 554 neque
981 504 1081 542 illius
1111 518 1241 554 neque
1271 504 1502 553 cuiusquam
1523 514 1547 550 4

176 568 272 605 mihi
302 577 500 618 praeterea
529 569 701 607 officium
737 571 878 615 desset,
908 569 938 607 si
971 569 1137 619 reperire
1167 578 1328 619 possent
1359 582 1435 618 qua
1466 568 1503 605 in

175 645 214 669 re
244 645 307 670 me
339 633 524 671 iuvarent.
586 634 759 682 Quintus
788 633 1035 672 aversissimo
1068 647 1091 671 a
1126 647 1188 671 me
1217 633 1351 670 animo
1383 633 1505 670 Patris

175 697 256 734 fuit.
318 699 471 736 Eodem
495 700 665 748 Corcyra
686 699 788 737 filius
809 699 925 737 venit.
988 699 1088 737 Inde
1109 699 1305 749 profectos
1336 710 1403 735 eos
1428 710 1506 735 una

174 775 266 799 cum
287 763 424 801 ceteris
445 764 619 802 arbitror.

218 872 284 907 VI
496 877 566 907 διν.
584 876 750 907 Βνιιηιίίεί
762 878 792 907 iv
808 877 852 907 K.
874 876 948 907 Dec.
966 888 996 908 a.
1019 880 1077 916 706
1098 878 1182 918 (48).

449 962 624 993 CICERO
648 962 820 993 ATTICO
847 962 1061 993 SALVTEM
1090 961 1226 993 DICIT.

226 1040 444 1079 Sollicitum
467 1054 552 1078 esse
580 1048 617 1078 te
644 1053 734 1078 cum
763 1041 812 1077 de
842 1039 917 1077 tuis
947 1040 1308 1088 communibusque
1338 1039 1502 1077 fortunis
1523 1052 1538 1077 1

171 1114 255 1143 tum
279 1105 447 1143 maxime
468 1106 518 1143 de
539 1118 602 1142 me
622 1118 667 1142 ac
688 1106 738 1142 (16
762 1106 899 1143 (101016
920 1118 1010 1142 11160
1031 1104 1169 1142 sentio.
1230 1103 1309 1151 Qui
1340 1104 1501 1153 quidem

172 1184 282 1208 meus
323 1172 436 1208 dolor
475 1184 555 1208 non
596 1171 716 1208 modo
756 1183 835 1207 non
876 1169 1064 1206 minuitur
1102 1182 1192 1207 611111
1233 1168 1384 1206 socium
1429 1168 1501 1205 sibi

170 1235 348 1285 adiungit
378 1237 556 1273 dolorem
587 1242 698 1273 tuum
733 1235 803 1272 sed
835 1234 952 1272 etiam
987 1242 1159 1284 augetur.
1220 1233 1397 1271 Omnino
1432 1248 1502 1283 pro

170 1309 236 1338 tua
257 1301 465 1351 prudentia
487 1300 606 1339 sentis
628 1314 705 1350 qua
721 1299 992 1338 consolatione
1013 1299 1129 1337 levari
1151 1299 1319 1337 maxime
1340 1299 1498 1348 possim.

171 1369 318 1406 Probas
339 1368 444 1406 enim
474 1381 606 1406 meum
629 1366 836 1405 consilium
857 1380 1056 1416 negasque
1077 1366 1172 1403 mihi
1194 1365 1405 1415 quicquam
1435 1367 1500 1404 tali

168 1441 346 1482 tempore
375 1433 506 1482 potius
536 1433 760 1471 faciendum
786 1432 914 1470 fuisse.
974 1431 1102 1469 Addis
1126 1431 1243 1469 etiam
1272 1430 1397 1482 (quod
1428 1432 1498 1469 etsi

169 1497 263 1535 mihi
286 1498 407 1536 levius
433 1506 490 1536 est
518 1511 637 1547 quam
668 1505 779 1535 tuum
810 1496 1011 1542 iudicium,
1035 1504 1167 1534 tamen
1198 1509 1278 1533 non
1310 1504 1366 1534 est
1397 1498 1497 1539 leve)

167 1563 305 1600 ceteris
326 1576 496 1612 quoque,
521 1563 560 1601 id
587 1571 645 1600 est
675 1562 741 1612 qui
767 1563 923 1611 pondus
945 1562 1128 1608 habeant,
1152 1563 1297 1599 factum
1320 1570 1496 1600 nostrum

166 1627 333 1677 probari.
412 1629 459 1665 Id
499 1627 529 1665 si
570 1627 622 1665 ita
660 1635 849 1677 putarem,
886 1626 1008 1665 levius
1047 1628 1233 1665 dolerem.
1325 1629 1496 1666 ‘Crede'
1516 1638 1539 1664 2

165 1692 296 1742 inquis
331 1693 472 1730 ‘mihis
561 1694 692 1732 Credo
740 1692 926 1743 equidem
971 1693 1040 1730 sed
1079 1692 1160 1730 scio
1199 1706 1319 1742 quam
1362 1693 1497 1742 cupias

167 1758 291 1795 minui
317 1759 495 1797 dolorem
521 1772 664 1796 meum.
726 1759 795 1796 Me
815 1757 1041 1816 discessisse
1061 1758 1112 1796 ab
1133 1757 1249 1795 armis
1280 1772 1496 1808 numquam

166 1823 368 1874 paenituit.
428 1826 557 1861 Tanta
578 1831 659 1862 erat
680 1823 718 1860 in
744 1823 818 1861 illis
839 1823 1059 1870 crudelitas,
1083 1830 1191 1861 tanta
1211 1837 1302 1860 cum
1325 1823 1496 1862 barbaris

165 1889 348 1938 gentibus
369 1889 598 1928 coniunctio
628 1896 669 1926 ut
696 1902 777 1927 non
804 1888 1039 1927 nominatim
1070 1889 1139 1926 sed
1168 1888 1382 1938 generatim
1412 1903 1497 1939 pro-

167 1953 325 2003 scriptio
346 1962 447 1992 esset
468 1954 689 2001 informata,
709 1961 751 1991 ut
772 1953 849 1991 iam
871 1954 1048 2007 omnium
1071 1953 1218 1991 iudicio
1238 1954 1495 1992 constitutum

165 2026 267 2056 esset
296 2018 475 2056 omnium
505 2026 675 2056 vestrum
706 2018 812 2056 bona
838 2020 1025 2068 praedam
1054 2031 1138 2057 esse
1168 2018 1269 2056 illius
1298 2019 1493 2058 victoriae.

167 2084 395 2121 ‘Vestrum'
439 2085 555 2133 plane
595 2083 709 2130 dico3
751 2097 968 2133 numquam
1009 2083 1114 2121 enim
1150 2084 1200 2121 de
1238 2091 1276 2122 te
1306 2083 1391 2133 ipso
1422 2084 1494 2121 nisi

164 2148 432 2187 crudelissime
465 2149 678 2199 cogitatum
712 2156 780 2186 est.
853 2150 943 2197 Qua
975 2162 1014 2186 re
1048 2148 1259 2186 voluntatis
1290 2163 1353 2188 me
1384 2163 1494 2187 meae

210 2262 223 2281 1
250 2253 418 2283 videbitur
435 2277 442 2284 .
460 2277 466 2283 .
481 2276 488 2283 .
509 2257 545 2282 ut
564 2262 628 2282 om.
649 2251 689 2281 W
830 2263 850 2291 3
874 2252 1007 2291 scripsi,
1028 2252 1080 2282 his
1110 2252 1322 2293 Weseubevg:
1356 2254 1494 2292 scriptis

169 2294 214 2324 W
225 2295 333 2327 codd.:
361 2296 489 2335 scripti,
513 2296 565 2325 his
590 2295 696 2325 Reid:
729 2295 860 2335 scripsi,
886 2296 938 2325 his
964 2296 1061 2326 lectis
1088 2295 1209 2326 Gurlz'tt
1313 2297 1493 2335 intelleges

168 2339 354 2378 [Vesenberg
442 2350 458 2378 7
484 2339 698 2369 acerbissimo
720 2338 765 2368 W
850 2349 883 2368 11
904 2349 995 2368 D1C1T
1012 2338 1117 2369 MW:
1140 2350 1206 2370 om.
1227 2339 1275 2370 Os
1367 2351 1403 2378 14
1428 2340 1492 2370 sibi

169 2381 370 2412 WRPsM2:
397 2383 454 2412 tibi
473 2381 564 2412 M1O
696 2392 732 2420 17
757 2383 935 2421 quicquam
953 2381 1092 2412 RPsM2
1109 2394 1116 2413 τ
1141 2383 1219 2414 huic
1237 2393 1336 2422 quarn
1359 2383 1491 2413 ῙῙῘΟΜ1

164 2434 205 2463 23
230 2426 336 2456 minui
356 2424 560 2455 O2RPsM2:
585 2426 695 2456 minus
717 2424 861 2455 WO¹M¹
1069 2436 1110 2464 29
1134 2431 1185 2456 est
1201 2427 1287 2466 vulg.
1307 2440 1313 2457 :
1340 2427 1366 2456 si
1385 2426 1492 2458 MW:

164 2468 256 2498 sensi
272 2468 311 2500 M
328 2469 468 2509 (marg.)
488 2468 604 2501 ORPs
690 2479 744 2499 me
761 2479 824 2500 om.
847 2467 892 2498 W

1572 144 1601 169 V
