1742 2651
81 100 174 137 XII.
195 100 366 135 xxxviii
568 102 622 137 M.
655 102 822 138 TVLLI
855 102 1161 140 CICERONIS

162 478 185 503 2

84 1198 99 1224 1
127 1188 176 1229 ¹⁸3)

80 1718 104 1745 2
125 1708 176 1747 (4)

202 223 282 248 non
313 210 554 260 exspectarit,
587 224 676 248 cum
706 210 758 248 ob
785 224 871 248 eam
902 224 1021 248 unam
1054 225 1212 249 causam
1245 211 1386 250 missus
1419 219 1532 251 esset.

204 277 321 313 Nunc
352 275 523 324 quidem,
548 274 621 312 nisi
652 275 747 324 quid
776 282 813 313 te
841 275 976 322 tenuit,
1001 275 1176 325 suspicor
1200 284 1237 314 te
1267 290 1351 315 esse
1381 276 1419 313 in
1448 277 1536 314 sub-

205 341 366 378 urbano,
438 342 489 377 At
525 354 597 389 ego
628 340 691 377 hic
726 339 936 378 scribendo
966 339 1050 378 dies
1082 347 1185 379 totos
1216 340 1313 378 nihil
1349 340 1534 391 equidem

206 406 312 442 levor
332 405 400 442 sed
423 412 553 442 tamen
574 405 722 442 aberro.

259 469 419 507 Asinius
451 469 576 507 Pollio
603 471 653 507 ad
680 483 742 507 me
769 469 921 519 scripsit
942 471 992 508 de
1013 469 1168 520 impuro
1192 478 1326 510 nostro
1353 478 1535 520 cognato.

205 536 327 583 Quod
359 535 506 572 Balbus
536 534 663 572 minor
693 548 817 584 nuper
846 534 938 572 satis
967 536 1094 584 plane,
1120 536 1327 574 Dolabella
1357 535 1535 583 obscure,

204 599 266 637 hic
314 599 567 649 apertissime.
639 602 795 637 Ferrem
835 599 1000 649 graviter
1039 600 1069 638 si
1108 614 1234 639 novae
1273 600 1536 651 aegrimoniae

203 666 313 703 locus
351 672 463 703 esset.
524 666 602 703 Sed
637 672 769 702 tamen
804 664 948 714 ecquid
983 664 1206 714 impurius?
1262 666 1298 704 O
1333 664 1536 704 hominem

205 730 450 768 cavendum!
537 731 790 779 Quamquam
850 728 945 766 mihi
1004 729 1293 779 quidem—sed
1341 731 1536 769 tenendus

202 796 316 833 dolor
345 802 412 832 est.
473 796 546 841 Tu,
573 794 763 844 quoniam
797 808 959 833 necesse
989 794 1085 832 nihil
1115 802 1184 841 est,
1214 794 1269 833 sic
1298 794 1444 834 scribes
1473 795 1537 833 ali-

203 859 298 909 quid
331 859 360 897 si
394 859 561 897 vacabis.

246 1003 493 1038 XXXVIII
513 1015 536 1038 a
583 1007 652 1037 Ser.
671 1007 819 1037 Asturae
834 1007 920 1038 Non.
941 1006 1023 1038 Mai.
1045 1018 1075 1038 a.
1096 1017 1154 1046 709
1173 1008 1257 1047 (45).

607 1095 778 1127 CICERO
809 1094 991 1126 ATTICO
1024 1095 1129 1126 SAL.

257 1187 379 1234 Quod
407 1193 520 1235 putas
542 1192 722 1235 oportere
743 1183 935 1234 pervideri
964 1184 1039 1222 iam
1067 1183 1188 1221 animi
1214 1183 1289 1222 mei
1313 1183 1534 1223 firmitatem

200 1251 433 1300 graviusque
455 1251 649 1300 quosdam
672 1249 807 1287 scribis
835 1251 885 1287 de
914 1263 975 1287 me
1003 1249 1111 1298 loqui
1139 1262 1257 1298 quam
1284 1257 1351 1287 aut
1381 1257 1418 1288 te
1448 1249 1534 1288 scri—

202 1317 293 1354 bere
321 1324 388 1354 aut
421 1318 600 1357 Brutum,
627 1315 658 1352 si
683 1315 750 1364 qui
780 1328 844 1352 me
871 1315 1035 1352 fractum
1063 1327 1148 1352 esse
1179 1313 1313 1352 animo
1338 1321 1375 1351 et
1400 1314 1536 1352 debili-

201 1389 324 1419 tatum
339 1389 478 1431 putant
492 1381 616 1418 sciant
630 1380 727 1429 quid
744 1380 957 1418 litterarum
972 1387 1009 1418 et
1023 1379 1133 1417 cuius
1147 1378 1298 1428 generis
1312 1379 1533 1426 conficiam,

201 1449 330 1493 credo,
355 1447 385 1484 si
408 1447 529 1484 modo
551 1445 733 1483 homines
755 1445 842 1490 sint,
868 1444 1091 1482 existiment
1114 1457 1187 1490 me,
1212 1443 1291 1481 sive
1313 1443 1365 1481 ita
1386 1445 1535 1483 levatus

200 1513 273 1550 sim
295 1520 336 1550 ut
356 1512 534 1550 animum
555 1525 725 1549 vacuum
746 1512 797 1548 ad
819 1524 877 1548 res
899 1509 1067 1548 difficilis
1090 1509 1317 1547 scribendas
1344 1510 1532 1557 adferam,

202 1578 573 1627 reprehendendum
595 1590 675 1613 non
697 1589 792 1621 esse,
817 1574 897 1613 sive
922 1576 1024 1612 hanc
1045 1573 1334 1612 aberrationem
1355 1587 1377 1610 a
1398 1574 1534 1612 dolore

201 1642 412 1692 delegerim
461 1655 562 1692 quae
606 1640 774 1678 maxime
820 1639 988 1678 liberalis
1037 1639 1085 1677 sit
1133 1640 1334 1688 doctoque
1373 1638 1534 1677 homine

201 1708 440 1758 dignissima,
475 1707 622 1745 laudari
654 1720 717 1744 me
748 1706 865 1744 etiam
898 1712 1088 1755 oportere.
1150 1705 1227 1742 Sed
1259 1717 1349 1741 cum
1382 1717 1455 1753 ego
1484 1705 1535 1742 fa-

200 1773 300 1811 ciam
336 1773 470 1811 onmia
504 1786 605 1822 quae
637 1773 763 1810 facere
804 1770 952 1821 possim
991 1771 1042 1808 ad
1082 1783 1144 1808 me
1178 1770 1454 1814 adlevandum,
1492 1776 1532 1806 tu

199 1840 308 1877 effice
329 1839 369 1876 id
391 1839 498 1888 quod
521 1837 636 1875 video
658 1846 695 1875 te
716 1850 797 1875 non
820 1836 950 1874 minus
971 1848 1089 1885 quam
1112 1848 1175 1873 me
1196 1834 1381 1872 laborare.
1440 1836 1533 1872 Hoc

200 1904 294 1941 mihi
329 1904 474 1942 debere
513 1903 649 1940 videor
688 1916 816 1951 neque
857 1900 972 1939 levari
1008 1913 1123 1950 posse
1162 1898 1237 1936 nisi
1276 1900 1427 1936 solvero
1465 1906 1532 1936 aut

199 1968 333 2006 videro
355 1982 417 2006 me
438 1981 553 2018 posse
575 1969 736 2013 solvere,
760 1967 798 2004 id
821 1974 878 2004 est
900 1968 1031 2003 locum
1053 1965 1210 2014 qualem
1231 1965 1312 2002 volo
1332 1963 1529 2002 invenero.

202 2035 382 2071 Heredes
413 2034 604 2082 Scapulae
634 2032 664 2069 si
697 2034 790 2069 istos
822 2033 966 2077 hortos,
991 2038 1031 2067 ut
1062 2029 1197 2067 scribis
1229 2027 1297 2066 tibi
1329 2028 1530 2066 Othonem

200 2097 356 2141 dixisse,
389 2098 563 2147 partibus
604 2104 788 2146 quattuor
828 2095 938 2133 factis
978 2094 1082 2132 liceri
1123 2093 1304 2143 cogitant,
1338 2091 1433 2129 nihil
1474 2101 1531 2130 est

248 2212 286 2232 12
308 2202 482 2241 epistulam
510 2212 633 2231 novam
659 2201 768 2240 incipit
792 2199 924 2230 Schiche
1035 2199 1073 2228 18
1096 2202 1174 2228 sunt
1196 2195 1383 2236 U'esenbetg
1491 2205 1528 2226 21

201 2256 287 2285 quae
306 2245 450 2275 maxime
475 2245 621 2275 liberalis
645 2245 687 2275 sit
708 2244 870 2274 Vrsinus:
894 2253 981 2282 quae
1007 2241 1150 2272 maxime
1168 2239 1401 2270 liberalissima
1417 2238 1505 2270 codd.
1524 2250 1531 2269 :

202 2289 355 2327 maxime,
375 2299 462 2327 quae
480 2288 717 2319 liberalissima
734 2286 763 2316 L
781 2289 921 2326 (mmg.)
938 2298 944 2316 z
973 2296 1061 2324 quae
1085 2284 1228 2315 maxima
1247 2287 1281 2313 et
1299 2282 1531 2313 liberalissima

202 2332 288 2362 Reid
371 2342 413 2370 23
439 2342 575 2372 possum
594 2330 783 2371 lVe-scubcrg
871 2331 912 2360 26
932 2330 1006 2360 volo
1023 2328 1100 2359 add.
1119 2327 1158 2358 I:
1182 2327 1280 2357 velim
1297 2325 1374 2357 add.
1389 2325 1531 2356 Mz't'llcr:

200 2387 267 2407 0111.
286 2376 327 2405 M

1556 482 1573 513 5

1559 810 1597 832 10

1557 1266 1594 1297 ¹5

1557 1586 1596 1608 20

1554 1910 1591 1942 25
