1742 2651
608 129 719 166 EPP.
752 130 830 166 AD
860 130 1119 167 ATTICVM
1396 132 1514 168 XIII.
1538 130 1680 166 xxxiv

195 239 273 276 Sed
301 241 499 289 complere
528 239 710 289 paginam
732 239 848 277 volui.
909 239 1017 288 Quid
1046 242 1186 289 plura?
1221 240 1303 289 ipse
1331 241 1434 278 enim
1460 243 1525 280 ad-

195 317 292 350 sum,
317 304 389 342 nisi
412 304 508 354 quid
529 313 569 342 tu
592 318 786 355 prorogas.
847 305 991 355 Scripsi
1012 305 1117 343 enim
1139 307 1189 344 ad
1211 313 1248 344 te
1269 307 1319 344 de
1341 306 1473 344 hortis.

237 448 420 493 XXXV,
447 449 645 485 XXXVI
693 454 762 484 Scr.
783 455 816 484 in
839 453 1026 485 Tusculano
1042 454 1140 485 iiild.
1163 455 1275 494 Quint.
1296 466 1326 486 a.
1349 465 1407 495 709
1427 456 1509 496 (45).

599 541 770 573 CICERO
800 542 982 572 ATTICO
1013 542 1118 573 SAL.

154 651 170 682 5
248 631 284 669 O
305 644 385 669 rern
408 630 609 681 indignam
628 634 634 669 1
693 631 860 670 Gentilis
889 640 977 670 tuus
1003 632 1140 670 urbem
1162 640 1278 682 auget
1308 646 1427 682 quam
1449 634 1524 671 hoc
1544 644 1561 670 1

192 695 355 734 biennio
394 696 563 745 primum
595 696 691 734 vidit
731 704 768 734 et
807 697 842 735 ei
874 711 1011 747 parum
1046 711 1187 747 magna
1218 698 1299 735 visa
1334 706 1391 736 est
1423 712 1524 747 quae

192 760 309 799 etiam
345 760 473 810 ipsum
509 774 648 810 capere
679 761 859 811 potuerit.
921 763 1011 799 Hac
1042 763 1092 800 de
1122 776 1161 800 re
1195 762 1309 812 igitur
1339 770 1524 812 exspecto

191 825 336 863 litteras
372 832 468 862 tuas.
529 825 695 863 Varroni
730 825 865 863 scribis
898 834 947 872 te,
981 826 1096 864 simul
1130 841 1176 865 ac
1210 827 1369 865 venerit.
1431 827 1522 864 Dati
1543 835 1567 862 2

192 889 305 939 igitur
335 889 411 926 iam
443 898 533 928 sunt
563 904 636 928 nec
667 891 736 929 tibi
768 891 960 941 integrum
992 900 1060 939 cst,
1084 892 1163 938 hui,
1187 892 1217 930 si
1246 893 1344 930 scias
1375 901 1523 942 quanto

135 973 172 994 10
192 954 365 1005 periculo
398 958 489 992 tuo!
562 957 641 993 Aut
672 957 833 994 fortasse
864 956 1013 995 litterae
1048 971 1159 996 meae
1189 965 1226 996 te
1257 959 1523 1005 retardarunt3

191 1022 261 1058 sed
283 1034 347 1058 eas
369 1022 547 1059 nondum
571 1023 717 1072 legeras
745 1037 835 1061 curn
865 1025 934 1060 has
955 1023 1150 1073 proximas
1172 1023 1368 1073 scripsisti.
1416 1023 1522 1062 Scire

191 1086 305 1136 igitur
324 1101 422 1125 aveo
444 1102 523 1137 quo
545 1090 666 1127 modo
687 1103 745 1127 res
767 1103 806 1127 se
828 1090 981 1127 habeat.

247 1155 309 1190 De
346 1154 453 1191 Bruti
488 1168 621 1193 amore
656 1163 860 1204 vestraque
891 1154 1160 1193 ambulatione
1192 1154 1263 1192 etsi
1296 1154 1391 1192 mihi
1423 1154 1519 1192 nihil
1540 1161 1679 1202 (xxxw)

191 1219 282 1256 novi
303 1221 432 1257 adfers
453 1221 523 1258 sed
545 1220 649 1258 idem
671 1221 780 1270 quod
801 1230 928 1270 saepe,
945 1228 1076 1258 tamen
1099 1221 1174 1258 hoc
1194 1219 1314 1258 audio
1335 1219 1520 1258 libentius

133 1298 168 1331 :5
192 1299 271 1334 quo
299 1285 466 1335 saepius,
489 1299 616 1335 eoque
646 1285 741 1323 mihi
770 1285 979 1323 iucundius
1007 1292 1064 1323 est
1095 1286 1203 1335 quod
1228 1292 1269 1323 tu
1295 1298 1342 1323 eo
1369 1285 1522 1323 laetaris

190 1349 412 1400 certiusque
443 1364 490 1388 eo
520 1358 577 1389 est
608 1352 715 1400 quod
744 1364 767 1388 a
797 1358 834 1388 te
864 1349 1014 1388 dicitur.

233 1498 455 1533 XXXVII
503 1501 570 1532 Ser.
590 1501 623 1531 in
645 1500 832 1531 Tusculano
848 1499 879 1530 iv
896 1499 979 1530 Non.
999 1499 1086 1529 Sext.
1108 1510 1138 1530 α.
1161 1509 1218 1539 709
1238 1498 1317 1539 (45).

595 1589 766 1621 CICERO
796 1588 977 1619 ATTICO
1006 1587 1112 1618 SAL.

244 1682 330 1718 Has
362 1682 500 1718 alteras
534 1680 653 1718 hodie
686 1679 841 1716 litteras.
904 1679 966 1715 De
1001 1676 1179 1714 Xenonis
1211 1676 1372 1715 nomine
1402 1685 1439 1715 et
1469 1678 1519 1716 de
1540 1691 1557 1718 1

131 1759 168 1781 20
190 1745 398 1795 Epiroticis
421 1757 540 1782 xxxx
563 1744 659 1782 nihil
681 1752 809 1793 potest
830 1742 911 1780 fieri
933 1755 1005 1779 nec
1027 1741 1276 1780 commodius
1298 1755 1370 1780 nec
1390 1742 1519 1792 aptius

189 1825 306 1860 quam
343 1820 384 1849 ut
420 1810 567 1848 scribis.
628 1811 676 1848 Id
711 1817 790 1847 erat
829 1811 983 1846 locutus
1024 1821 1179 1845 mecum
1219 1808 1361 1845 eodem
1397 1810 1519 1846 modo

188 1878 335 1915 Balbus
367 1877 503 1914 minor.
565 1875 674 1913 Nihil
704 1875 795 1913 novi
817 1889 910 1913 sane
941 1873 1014 1911 nisi
1043 1872 1218 1911 Hirtium
1247 1887 1336 1910 cum
1366 1873 1517 1922 Quinto
1537 1884 1560 1912 2

185 1942 372 1980 acerrime
418 1955 488 1991 pro
535 1955 597 1979 me
643 1940 836 1991 litigasse:
883 1939 1068 1978 omnibus
1113 1951 1204 1976 eum
1250 1938 1345 1976 locis
1393 1940 1518 1977 furere

187 2008 435 2057 maximeque
466 2007 505 2044 in
535 2006 723 2045 conviviis
753 2020 843 2044 cum
876 2007 998 2042 multa
1028 2005 1078 2042 de
1109 2017 1171 2041 me
1201 2011 1285 2041 tum
1315 2003 1440 2042 redire
1467 2005 1518 2042 ad

130 2083 166 2114 25
186 2081 361 2122 patrem3
410 2072 506 2110 nihil
545 2080 676 2110 autern
715 2072 765 2109 ab
804 2085 851 2109 eo
891 2076 970 2107 tam
1016 2070 1240 2115 ἀξιοπίστως
1277 2068 1355 2107 dici
1399 2083 1516 2118 quam

186 2137 445 2175 alienissimos
480 2150 551 2174 nos
587 2150 671 2174 esse
702 2150 725 2174 a
759 2137 951 2175 Caesare:
992 2135 1110 2172 fidem
1147 2133 1261 2172 nobis
1291 2135 1517 2172 habendam

186 2215 266 2239 non
299 2216 394 2248 esse,
433 2215 494 2240 me
528 2215 620 2239 vero
654 2200 772 2239 etiam
811 2201 1031 2238 cavendum
1070 2199 1254 2249 (φοβερὸν
1288 2199 1332 2237 ἂν
1362 2200 1406 2248 ἢν
1444 2198 1517 2236 nisi

230 2316 251 2343 9
275 2306 442 2345 integrum
468 2307 542 2336 est?
578 2304 730 2335 Schmidt
830 2314 865 2333 11
893 2305 952 2334 sed
972 2303 1065 2334 Man.
1087 2315 1093 2333 :
1118 2304 1145 2333 si
1172 2299 1288 2335 MZb:
1313 2304 1377 2334 nisi
1397 2303 1520 2333 Mt'iller

187 2349 254 2379 coll.
273 2350 356 2380 inter
369 2350 450 2380 alios
465 2349 547 2379 locos
566 2349 654 2387 7fin.
674 2361 680 2378 z
705 2348 834 2378 scilicet
848 2347 997 2378 Sclnm‘dt
1112 2357 1154 2385 23
1179 2347 1291 2378 furere
1304 2347 1517 2387 illalaspina:

187 2392 299 2422 facere
327 2393 413 2423 codd.
580 2402 620 2431 25
655 2397 721 2422 tam
745 2391 820 2422 add.
850 2395 919 2421 vell.
1078 2400 1117 2429 27
1151 2391 1292 2432 φοβερὸν
1319 2388 1359 2421 ἂν
1382 2391 1517 2422 Baiter:

186 2439 377 2466 ΦΟΒΕΡΑΝ
396 2436 437 2466 M
