1742 2651
608 166 719 202 EPP.
752 165 830 202 AD
862 165 1121 202 ATTICVM
1470 161 1541 197 XI.
1563 158 1610 196 iii

198 276 303 314 enini
340 278 416 315 hoc
449 278 557 326 quod
592 277 717 326 agitur
747 277 899 315 videtur
934 276 1164 314 diuturnum
1197 287 1281 312 esse
1321 286 1446 322 posse,
1484 279 1525 308 ut

197 341 295 379 scire
325 342 401 379 iam
434 342 581 392 possim
613 341 709 391 quid
739 341 906 379 maxime
938 354 1037 391 opus
1068 340 1141 387 sit3
1184 339 1254 377 etsi
1285 352 1381 387 egeo
1411 338 1526 375 rebus

197 406 396 447 omnibus,
417 408 525 456 quod
554 407 585 444 is
616 420 775 456 quoque
803 406 843 443 in
872 405 1059 455 angustiis
1089 413 1147 443 est
1177 404 1337 454 quicum
1368 416 1528 447 sumus;

197 471 259 508 cui
293 485 474 521 magnam
506 471 691 510 ‘dedimus
725 471 934 522 pecuniam
967 478 1144 508 mutuam
1175 469 1381 519 opinantes
1412 467 1526 504 nobis

158 546 174 577 5
197 537 419 574 constitutis
441 538 556 575 rebus
581 551 667 575 eam
698 551 779 575 rem
807 537 925 574 etiam
953 535 1093 574 honori
1114 537 1207 573 fore.
1266 536 1328 571 Tu
1350 541 1391 570 ut
1412 540 1527 570 antea

197 602 333 649 fecisti,
356 603 472 640 velim
500 603 530 640 si
552 603 618 652 qui
640 610 753 640 erunt
778 604 829 640 ad
851 615 949 651 quos
969 601 1119 651 aliquid
1140 600 1392 638 scribendum
1415 612 1437 635 a
1465 611 1526 635 me

196 667 393 706 existimes
415 668 497 717 ipse
514 668 711 706 conficias.
770 667 867 705 Tuis
889 669 1054 704 salutem
1071 666 1145 704 dic.
1207 666 1311 704 Cura
1327 672 1368 702 ut
1385 665 1523 701 valeas.

199 733 245 769 In
267 732 400 782 primis
422 732 461 770 id
483 734 591 782 quod
622 732 757 771 scribis
779 732 963 770 omnibus
985 732 1100 769 rebus
1122 744 1214 769 cura
1235 738 1272 768 et
1294 729 1456 780 provide
1477 742 1526 766 ne

196 797 292 846 quid
325 797 359 835 ei
394 797 494 835 desit
529 799 579 836 de
609 811 688 848 qua
726 798 800 836 scis
841 811 902 836 me
935 796 1195 835 miserrimum
1230 809 1325 834 esse.
1388 794 1526 833 Idibus

138 873 176 894 10
198 862 322 900 Iuniis
343 877 389 901 ex
409 863 553 901 castris.

238 991 303 1026 IV
447 995 517 1028 Scr.
537 996 570 1026 in
588 996 699 1026 castris
714 995 854 1036 Pompei
867 995 915 1026 Id.
938 995 1050 1034 Quint.
1067 1006 1097 1025 a.
1119 995 1178 1034 706
1197 994 1282 1035 (48).

615 1073 790 1103 CICERO
815 1072 987 1103 ATTICO
1013 1072 1108 1103 SAL.

250 1153 398 1202 Accepi
432 1154 482 1191 ab
516 1153 670 1191 Isidoro
709 1153 854 1191 litteras
889 1160 926 1190 et
958 1160 1095 1202 postea
1127 1153 1237 1190 datas
1271 1151 1392 1189 binas.
1467 1152 1525 1188 Ex
1545 1161 1560 1187 1

196 1218 381 1267 proximis
422 1219 589 1268 cognovi
621 1219 781 1268 praedia
819 1232 899 1256 non
931 1218 1094 1256 venisse.
1166 1217 1332 1255 Videbis
1363 1230 1454 1266 ergo
1484 1225 1525 1254 ut

138 1298 174 1329 ¹5
197 1291 435 1322 sustentetur
465 1297 533 1333 per
563 1292 610 1321 te.
672 1285 733 1321 De
756 1282 961 1329 Frusinati,
984 1283 1015 1321 si
1046 1283 1167 1320 modo
1197 1282 1346 1320 fruituri
1378 1295 1524 1328 sumus,

195 1349 266 1386 erit
296 1348 391 1386 mihi
422 1362 481 1387 res
512 1356 743 1398 opportuna.
806 1350 918 1386 Meas
948 1348 1093 1385 litteras
1124 1349 1232 1397 quod
1262 1347 1435 1396 requiris,
1459 1347 1527 1384 im-

195 1414 333 1463 pedior
353 1414 486 1463 inopia
507 1427 633 1452 rerum
651 1427 748 1463 quas
769 1414 895 1451 nullas
912 1413 1041 1451 habeo
1058 1412 1192 1450 litteris
1214 1412 1362 1462 dignas,
1379 1412 1526 1461 quippe

195 1479 257 1516 cui
291 1492 365 1517 nec
397 1492 498 1528 quae
531 1478 717 1516 accidunt
749 1492 822 1516 nec
851 1491 952 1527 quae
981 1485 1149 1527 aguntur
1179 1478 1258 1515 ullo
1291 1478 1412 1514 modo
1442 1490 1526 1526 pro-

196 1543 347 1581 bentur.
408 1543 569 1581 Vtinam
603 1556 734 1581 coram
762 1550 892 1580 tecum
918 1542 1010 1579 olim
1039 1541 1169 1590 potius
1200 1555 1319 1590 quam
1351 1554 1420 1590 per
1449 1541 1525 1590 epi-

136 1625 176 1645 20
196 1610 316 1646 stulas
334 1612 340 1646 ἶ
400 1609 480 1646 Hic
502 1617 578 1655 tua,
596 1616 637 1646 ut
658 1621 830 1658 possum,
847 1615 957 1645 tueor
977 1608 1083 1657 apud
1105 1608 1188 1644 hos.
1240 1607 1381 1645 Cetera
1399 1607 1524 1645 Celer.

197 1675 288 1722 Ipse
310 1673 387 1723 fugi
409 1675 540 1711 adhuc
555 1687 672 1711 omne
691 1687 834 1711 munus
851 1686 898 1710 eo
916 1673 1037 1722 magis
1059 1673 1167 1722 quod
1184 1672 1236 1710 ita
1257 1671 1353 1709 nihil
1374 1679 1526 1721 poterat

193 1738 254 1787 agi
276 1745 316 1776 ut
338 1738 433 1775 mihi
455 1746 491 1776 et
514 1738 610 1776 meis
633 1739 748 1776 rebus
768 1746 904 1787 aptum
926 1745 1038 1775 esset.

237 1886 302 1920 IV
319 1897 343 1920 a
387 1887 455 1919 Scr.
478 1888 663 1928 Dyrrhachi
678 1890 761 1919 inter
775 1890 834 1920 xvi
846 1894 875 1919 el
891 1889 940 1919 xsi
953 1889 996 1921 K.
1016 1889 1129 1929 Qut'nl.
1150 1901 1181 1921 a.
1202 1891 1261 1928 706
1278 1890 1364 1931 (48).

608 1965 780 1996 CICERO
803 1965 985 2011 ATTICO-
1006 1965 1114 1997 SAL.

135 2056 174 2087 25
251 2036 359 2085 Quid
381 2036 428 2074 sit
453 2043 607 2086 gestum
632 2036 723 2074 novi
745 2037 908 2086 quaeris.
971 2039 1029 2074 Ex
1059 2037 1212 2075 Isidoro
1243 2038 1339 2076 scire
1366 2039 1522 2087 poteris.
1544 2039 1602 2091 (2)

196 2101 365 2151 Reliqua
390 2114 470 2138 non
498 2101 679 2139 videntur
708 2115 793 2139 esse
823 2101 1050 2140 difficiliora.
1110 2104 1172 2140 Tu
1204 2102 1243 2140 id
1273 2103 1388 2140 velim
1417 2105 1523 2153 quod

236 2215 256 2243 3
280 2215 395 2235 sumus
413 2205 517 2244 vulg:
555 2205 700 2235 suismus
718 2205 776 2235 M:
804 2205 925 2235 fuimus
942 2204 982 2234 Zl
1117 2216 1155 2245 15
1179 2207 1310 2237 fruituri
1328 2206 1502 2237 Lehmann
1517 2219 1523 2240 :

195 2249 306 2278 future
324 2248 383 2278 M:
411 2248 510 2278 futuri
527 2248 616 2288 vulg.
747 2259 789 2278 20
814 2249 879 2278 Hic
907 2249 978 2289 tua]
1006 2249 1081 2279 hinc
1106 2260 1206 2289 usque
1232 2250 1279 2280 ad
1303 2253 1332 2282 6.
1353 2262 1371 2280 2
1392 2252 1524 2289 tadimi)

194 2295 297 2322 exstat
317 2292 363 2321 W
534 2301 576 2330 23
601 2302 659 2321 cnr
671 2292 747 2321 llaec
760 2293 896 2332 epistula
913 2293 952 2321 ab
970 2303 988 2330 4
1006 2293 1189 2332 separanda
1205 2295 1247 2324 sit
1262 2299 1405 2324 accurate
1421 2294 1527 2324 docuit

193 2335 377 2375 Sternkopf
397 2334 503 2369 (⁶Zur
537 2335 749 2375 Cln’onologz'e
777 2335 834 2365 der
855 2336 962 2374 Bricfe
994 2335 1115 2365 Ciceros
1145 2348 1207 2366 cius
1237 2337 1297 2367 den
1322 2338 1450 2376 Jalzren
1482 2339 1524 2376 48

195 2378 267 2407 und
281 2379 340 2417 47⁷
365 2385 421 2419 pp.
445 2379 576 2417 11—14).
627 2377 877 2419 Diiungendam
902 2389 966 2408 esse
989 2379 1028 2408 ab
1053 2381 1211 2420 superiore
1234 2382 1302 2411 iam
1322 2385 1527 2421 perspexerat

195 2421 287 2453 Man.
424 2424 466 2452 26
489 2422 586 2452 velim
610 2421 671 2452 W:
695 2422 777 2452 velis
793 2422 833 2452 M
