1742 2651
72 83 180 120 XIV.
205 85 281 120 xxi
593 87 647 123 M.
680 87 848 125 TVLLI
881 88 1187 127 CICERONIS

175 205 198 240 3
220 194 370 233 sinceri.
432 196 533 233 Mihi
563 205 693 235 autem
725 211 804 234 non
836 205 893 234 est
923 197 1087 235 dubium
1113 198 1207 247 quin
1234 212 1292 236 res
1322 208 1469 249 spectet
1499 202 1550 239 ad

219 268 353 298 castra.
414 263 514 299 Acta
538 261 644 299 enim
673 261 736 298 illa
763 276 821 299 res
847 270 903 299 est
930 262 1062 299 animo
1083 262 1190 309 virili,
1214 264 1379 301 consilio
1400 265 1547 314 puerili.

221 324 320 373 Quis
351 326 455 363 enim
486 327 561 363 hoc
592 339 671 363 non
697 325 803 372 vidit,
832 326 937 375 regni
966 328 1150 365 heredem
1176 328 1385 366 relictum?
1441 329 1549 378 Quid

219 397 350 428 autem
372 390 578 428 absurdius
595 393 611 428 ?

348 459 356 474 ‘
375 457 466 493 Hoc
497 455 679 501 metuere,
712 458 876 494 alterum
908 458 946 494 1'n
977 465 1083 495 metu
1113 470 1193 495 non
1223 458 1414 507 ponere'!
1569 473 1585 504 5

220 519 327 567 Quin
366 519 483 557 etiarn
523 522 598 558 hoc
633 520 718 570 ipso
758 529 933 570 tempore
973 524 1095 559 multa
1132 524 1372 560 ίιποσόλοικα.
1434 522 1548 560 Ponti
1594 514 1596 517 ¹

219 585 526 634 Neapolitanum
556 599 578 622 a
610 594 731 624 matre
761 587 1034 635 tyrannoctoni
1065 588 1280 636 possideri!
1340 589 1548 638 Legendus

218 649 313 686 mihi
344 649 497 699 saepius
527 658 584 688 est
615 652 740 689 ‘Cato
771 652 916 689 maior'
946 653 996 689 ad
1026 660 1063 690 te
1093 652 1244 690 missus.
1303 652 1547 690 Amariorem

218 714 323 752 enim
358 728 421 752 me
460 723 640 754 senectus
684 716 784 754 facit.
858 719 1091 755 Stomachor
1130 717 1273 755 omnia.
1335 719 1412 756 Sed
1452 717 1547 755 mihi

218 779 378 829 quidem
410 782 619 830 βεβι’ωται;
660 781 825 820 viderint
860 782 1030 821 iuvenes.
1090 784 1152 820 Tu
1188 796 1274 821 mea
1308 783 1471 830 curabis,
1506 791 1547 820 ut
1570 798 1609 819 10

217 858 338 883 curas.

171 915 198 953 4
274 912 386 949 Haec
421 912 556 961 scripsi
591 926 658 950 seu
693 913 836 951 dictavi
866 913 1044 963 apposita
1073 915 1247 951 secunda
1278 927 1413 951 mensa
1440 915 1546 963 apud

216 976 452 1014 Vestorium.
514 978 706 1016 Postridie
733 980 839 1028 apud
866 979 1039 1016 Hirtium
1069 979 1290 1028 cogitabam
1321 986 1358 1016 et
1385 978 1545 1028 quidem

214 1043 464 1081 πεντέλοιπον.
529 1043 592 1081 Sic
631 1044 833 1082 hominem
873 1046 1074 1082 traducere
1112 1046 1163 1082 ad
1202 1044 1400 1094 optimatis
1439 1057 1544 1093 paro.

215 1109 337 1157 Λῆρος
368 1109 495 1148 πολύς.
556 1109 686 1146 Nemo
725 1117 781 1146 est
821 1108 982 1147 istorum
1023 1109 1089 1159 qui
1124 1109 1248 1147 otium
1283 1123 1363 1147 non
1398 1109 1542 1147 timeat.
1567 1121 1603 1152 15

215 1173 306 1220 Qua
351 1186 390 1211 re
435 1173 568 1211 talaria
606 1173 819 1212 videamus.
892 1174 1059 1222 Quidvis
1107 1175 1211 1212 enim
1258 1175 1387 1224 potius
1426 1188 1544 1224 quam

213 1245 348 1276 castra.

268 1303 422 1342 Atticae
443 1306 607 1342 salutem
635 1304 842 1353 plurimam
864 1305 981 1342 velim
1009 1305 1126 1343 dicas.
1189 1307 1384 1354 Exspecto
1406 1304 1545 1343 Octavi

213 1367 441 1406 contionem
463 1376 499 1406 et
521 1369 551 1407 si
573 1369 668 1418 quid
689 1369 806 1416 aliud,
830 1369 998 1408 maxime
1018 1378 1151 1408 autem
1172 1370 1315 1419 ecquid
1338 1370 1545 1408 Dolabella

213 1433 353 1471 tinniat
372 1448 422 1471 an
444 1433 482 1471 in
504 1448 594 1472 meo
614 1434 775 1473 nomine
796 1435 948 1473 tabulas
970 1448 1090 1473 novas
1111 1435 1254 1473 fecerit.
1566 1445 1604 1466 20

255 1540 391 1575 XXII
469 1543 538 1575 Scr.
558 1545 590 1574 1'11
608 1544 788 1574 Puteolano
800 1544 886 1585 prid.
908 1544 957 1576 ld,
979 1544 1057 1576 Mai.
1079 1556 1108 1576 a.
1130 1555 1186 1584 710
1206 1546 1294 1585 &447-

616 1621 788 1652 CJCERO
820 1621 1002 1652 ATTICO
1032 1621 1138 1653 SAL.

176 1705 192 1731 1
267 1694 419 1733 Certior
437 1707 460 1732 a
481 1694 578 1732 Pilia
598 1696 722 1732 factus
744 1694 843 1732 mitti
864 1696 913 1732 ad
940 1703 977 1733 te
1000 1695 1137 1733 Idibus
1164 1693 1385 1733 tabellarios
1412 1693 1541 1732 statim

211 1761 288 1797 hoc
317 1760 450 1798 nescio
480 1760 575 1809 quid
606 1759 767 1798 exaravi.
830 1760 1002 1798 Primum
1028 1760 1142 1810 igitur
1165 1760 1262 1798 scire
1289 1768 1326 1798 te
1347 1759 1451 1798 volui
1479 1773 1541 1797 me

211 1827 302 1863 hinc
327 1825 519 1875 Arpinum
548 1838 619 1862 XVI
652 1827 820 1863 Kalend.
846 1828 932 1863 Iun.
994 1828 1053 1864 Eo
1084 1826 1197 1876 igitur
1226 1826 1355 1863 mittes
1385 1825 1415 1863 si
1445 1824 1540 1874 quid
1562 1841 1600 1873 25

211 1890 281 1928 erit
313 1891 502 1940 posthac3
544 1904 784 1940 quamquam
815 1890 897 1941 ipse
930 1891 1006 1928 iarn
1037 1891 1193 1941 iamque
1223 1892 1352 1929 adero.
1412 1889 1541 1939 Cupio

211 1955 315 1992 enim
350 1963 441 1993 ante
480 1969 598 2004 quam
636 1957 807 1993 Romam
843 1956 958 1994 venio
997 1956 1150 1994 odorari
1186 1955 1407 2005 diligentius
1447 1955 1541 2004 quid

211 2022 383 2058 futurum
414 2021 471 2058 sit.
534 2023 787 2071 Quamquam
816 2036 949 2060 vereor
979 2036 1028 2060 ne
1058 2022 1154 2059 nihil
1184 2022 1409 2060 coniectura
1436 2021 1543 2059 aber-

210 2099 301 2123 rem.
369 2086 537 2124 Minime
577 2087 681 2124 enim
722 2088 933 2125 obscurum
974 2095 1032 2125 est
1071 2086 1166 2136 quid
1206 2086 1266 2124 isti
1307 2085 1543 2133 moliantur;

211 2164 320 2188 meus
342 2165 433 2189 vero
458 2151 673 2202 discipulus
695 2151 761 2201 qui
792 2151 910 2190 hodie
937 2153 1043 2201 apud
1075 2165 1137 2189 me
1162 2158 1276 2189 cenat
1297 2152 1409 2188 valde
1436 2159 1540 2188 amat
1561 2166 1601 2195 30

211 2215 319 2253 illum
340 2230 459 2265 quem
482 2218 623 2254 Brutus
645 2224 777 2254 noster
797 2216 993 2254 sauciavit.
1056 2218 1105 2254 Et
1126 2213 1157 2254 si
1179 2215 1331 2265 quaeris
1348 2216 1541 2266 (perspexi

260 2331 297 2359 14
322 2319 529 2351 πεντέλοιπον
544 2321 637 2352 valde
653 2320 803 2357 dubium,
825 2321 861 2359 cf
880 2331 933 2350 xv,
953 2331 981 2350 2.
1003 2332 1022 2359 4
1199 2330 1238 2358 :27
1263 2321 1397 2350 odorari
1425 2321 1513 2361 vulg.
1534 2333 1541 2352 :

212 2365 300 2394 orari
317 2363 372 2394 Ml
471 2366 513 2395 28
538 2376 556 2395 a
581 2369 656 2395 ante
676 2365 871 2395 coniectura
893 2363 968 2395 add.
991 2363 1076 2394 Crat.
1102 2363 1298 2404 PVesenhng,
1318 2364 1354 2402 cs.
1373 2363 1459 2395 Pln'l.
1480 2365 1536 2396 xii.

213 2417 254 2446 23
386 2418 422 2447 31
451 2408 491 2438 Et
509 2408 537 2438 si
554 2407 686 2447 quaeris
702 2418 766 2438 om.
788 2406 839 2437 Ml
