1742 2651
104 835 143 857 10

103 1620 141 1641 20

102 1943 141 1976 25

570 126 682 162 EPP.
715 127 792 164 AD
822 125 1081 163 ATTICVM
1396 123 1506 159 XIV.
1530 121 1607 157 xix

166 250 228 275 me
258 238 415 276 hercule
446 237 498 274 ita
527 237 690 283 videtur,
720 251 800 274 non
830 236 1004 286 potuisse
1034 235 1158 273 maior
1188 234 1253 272 tali
1284 248 1323 272 re
1353 234 1499 283 talique

164 309 351 352 tempore.
412 303 488 340 Sed
529 310 660 339 tamen
700 301 889 351 quicquid
929 301 963 338 ei
1003 300 1144 346 tribuo,
1179 299 1309 337 tribuo
1343 312 1389 336 ex
1424 298 1499 336 tuis

163 367 308 405 litteris.
368 367 459 405 Tibi
490 381 581 405 vero
614 367 814 405 adsentior
849 366 1035 404 maiorem
1067 367 1201 415 πρᾶξιν
1235 365 1317 403 eius
1352 366 1432 401 sore
1468 363 1498 400 si

164 433 258 470 mihi
291 434 400 482 quod
439 433 575 471 debuit
610 432 840 471 dissolverit.
902 434 1043 469 Brutus
1079 431 1196 469 velim
1236 430 1283 468 sit
1318 432 1495 467 Asturae.

164 499 284 546 Quod
305 506 437 536 autem
459 499 593 536 laudas
616 512 678 536 me
700 499 807 547 quod
829 497 924 535 nihil
949 505 1039 535 ante
1066 498 1116 535 de
1143 495 1387 546 profectione
1408 508 1497 532 con·
1518 501 1545 537 6

163 563 321 600 stituam
343 576 460 612 quam
483 563 555 601 ista
576 576 655 613 quo
676 576 837 601 evasura
858 562 934 600 sint
951 562 1100 609 videro,
1116 569 1226 599 muto
1247 559 1494 598 sententiam.

164 629 305 677 Neque
340 628 552 677 quicquam
593 636 725 666 tamen
763 636 854 666 ante
887 641 1005 676 quam
1040 635 1077 665 te
1110 627 1254 665 videro.
1323 625 1496 662 Atticam

163 706 290 730 meam
312 693 451 742 gratias
474 693 569 730 mihi
589 707 702 743 agere
723 694 773 731 de
794 700 917 730 matre
942 693 1096 742 gaudeo
1113 707 1122 738 ς
1157 691 1219 729 cui
1241 689 1402 740 quidem
1425 703 1497 739 ego

163 766 286 795 totam
316 757 446 794 villam
477 759 696 808 cellamque
727 757 867 795 tradidi
899 770 1065 806 eamque
1095 755 1316 805 cogitabam
1347 766 1371 791 v
1403 755 1498 792 Idus

163 822 304 860 videre.
364 823 426 860 Tu
457 822 611 861 Atticae
641 824 806 861 salutem
835 822 952 861 dices
1013 823 1097 859 Nos
1124 820 1261 858 Piliam
1292 818 1499 869 diligenter

163 886 370 925 tuebimur.

206 1033 292 1067 XX
457 1036 525 1068 Scr.
545 1037 579 1067 in
598 1037 778 1068 Puteolano
795 1047 813 1067 v
830 1036 877 1067 Id.
899 1036 980 1067 Mai.
1001 1047 1033 1067 a.
1054 1046 1111 1075 710
1132 1037 1217 1077 (44).

572 1124 745 1155 CICERO
776 1124 958 1155 ATTICO
987 1123 1092 1155 SAL.

218 1215 250 1251 E
274 1213 517 1263 Pompeiano
545 1214 634 1251 navi
661 1215 847 1252 advectus
876 1228 961 1252 sum
990 1214 1029 1251 in
1052 1213 1205 1251 Luculli
1227 1212 1347 1251 nostri
1370 1211 1498 1261 hospi·
1519 1226 1534 1253 1

162 1277 259 1316 tium
283 1290 321 1314 vl
346 1279 441 1315 Idus
463 1279 558 1316 hora
579 1280 657 1316 fere
678 1278 799 1316 tertia.
850 1281 1037 1328 Egressus
1058 1286 1189 1316 autem
1212 1291 1232 1316 e
1253 1277 1341 1315 navi
1363 1277 1497 1327 accepi

162 1352 247 1380 tuas
268 1343 413 1381 litteras
435 1356 531 1392 quas
552 1351 641 1381 tuus
658 1343 880 1382 tabellarius
902 1344 941 1381 in
956 1345 1181 1383 Cumanum
1203 1343 1378 1381 attulisse
1395 1342 1496 1380 dice-

163 1408 275 1446 batur
297 1408 424 1446 Nonis
452 1407 568 1445 Maiis
593 1409 714 1447 datas.
774 1411 810 1446 A
839 1411 1006 1446 Lucullo
1031 1408 1219 1458 postridie
1247 1409 1385 1446 eadem
1417 1409 1496 1446 fere

163 1476 257 1512 hora
274 1474 362 1513 veni
384 1474 423 1512 in
440 1476 712 1512 Puteolanum.
764 1474 826 1512 Ibi
847 1475 981 1525 accepi
1003 1476 1100 1513 duas
1121 1474 1493 1524 epistulas.alterani

162 1539 301 1587 Nonis,
337 1541 497 1577 alteram
530 1551 586 1576 vil
622 1541 717 1577 Idus
752 1539 931 1577 Lanuvio
966 1541 1087 1578 datas.
1160 1539 1266 1577 Audi
1298 1539 1412 1589 igitur
1444 1539 1495 1577 ad
1516 1552 1540 1578 2

161 1604 300 1643 omnis.
362 1605 547 1651 Primum,
578 1618 679 1654 quae
706 1605 756 1642 de
784 1618 822 1642 re
854 1618 941 1642 mea
969 1612 1077 1654 gesta
1104 1612 1141 1642 et
1171 1604 1211 1641 in
1238 1604 1433 1642 solutione
1457 1612 1494 1642 et

161 1669 200 1707 in
222 1669 393 1708 Albiano
414 1671 584 1720 negotio,
608 1678 724 1720 grata.
786 1672 847 1708 De
868 1677 936 1707 tuo
961 1678 1092 1708 autem
1115 1670 1322 1716 Buthroto,
1343 1683 1433 1707 cum
1455 1669 1494 1706 in

162 1735 406 1785 Pompeiano
441 1749 579 1783 essem,
618 1735 818 1774 Misenum
851 1735 956 1773 venit
991 1734 1200 1772 Antonius.
1271 1735 1371 1773 Inde
1404 1742 1495 1772 ante

161 1800 339 1840 discessit
361 1815 480 1851 quam
501 1801 609 1839 illum
633 1801 786 1839 venisse
806 1800 1015 1846 audissem,
1039 1799 1078 1836 in
1100 1799 1314 1838 Samnium.
1357 1801 1393 1837 A
1415 1813 1495 1849 quo

162 1865 251 1904 vide
281 1866 375 1916 quid
406 1880 547 1916 speres.
609 1868 761 1904 Rornae
792 1866 906 1916 igitur
935 1867 984 1903 de
1010 1865 1213 1902 Buthroto.
1274 1866 1317 1902 L.
1344 1864 1495 1902 Antoni

164 1930 357 1969 horribilis
378 1931 526 1979 contio,
547 1932 779 1970 Dolabellae
801 1932 1007 1982 praeclara.
1070 1931 1154 1967 Iam
1176 1930 1235 1967 vel
1257 1928 1331 1967 sibi
1352 1930 1495 1968 habeat

162 2009 356 2041 nummo&
378 1998 497 2035 modo
519 2004 697 2035 numeret
720 1996 868 2035 Idibus.
913 1997 1110 2034 Tertullae
1132 1995 1277 2032 nollem
1299 1994 1492 2032 abortum.

161 2061 261 2098 Tam
286 2061 392 2099 enirn
414 2061 539 2101 Cassii
560 2069 650 2099 sunt
678 2061 753 2100 iam
775 2075 893 2111 quam
917 2061 1025 2099 Bruti
1055 2060 1220 2099 serendi.
1281 2061 1342 2098 De
1363 2060 1495 2110 regina

208 2174 220 2193 1
248 2165 414 2204 potuisset
436 2164 579 2195 Iunius:
605 2165 771 2204 potuisset
796 2175 873 2195 esse
892 2165 971 2195 coni.
996 2163 1187 2205 ll'esenberg
1333 2175 1351 2202 4
1377 2163 1494 2194 debuit

161 2211 229 2239 vett.
249 2220 255 2239 z
291 2209 391 2238 debui
420 2202 535 2238 M1Zl:
569 2208 670 2239 debet
696 2208 884 2248 Malaspina
1089 2209 1138 2246 18,
1171 2218 1210 2246 19
1234 2207 1268 2237 in
1288 2232 1294 2237 .
1313 2232 1320 2237 .
1341 2231 1347 2237 .
1373 2207 1493 2243 Nonis,

163 2251 302 2282 alteram
320 2251 367 2282 C:
391 2262 456 2282 om.
476 2250 517 2280 M
661 2262 703 2282 20
727 2253 813 2291 gesti
831 2252 910 2283 (oni.
928 2251 1012 2281 Boot
1154 2262 1194 2290 23
1219 2251 1341 2285 audivi,
1368 2250 1492 2280 Wesen-

162 2295 237 2334 berg
389 2296 422 2325 in
442 2295 614 2326 Samnium
631 2306 638 2325 :
663 2306 681 2325 a
697 2305 763 2334 quo
786 2294 993 2335 Wesenberg:
1020 2305 1039 2325 a
1055 2305 1121 2333 quo
1141 2295 1175 2325 in
1189 2295 1362 2326 Samnium
1383 2293 1468 2324 codd.
1485 2305 1493 2324 ε

163 2348 181 2368 a
198 2348 262 2376 quo
281 2338 466 2369 insanienti
483 2338 593 2369 Koclz:
619 2339 773 2378 Aequum
792 2338 992 2370 Samnitium
1007 2337 1159 2369 Schmidt
1313 2348 1353 2377 25
1379 2338 1492 2368 contio
1558 2348 1573 2360 ·

169 2380 243 2412 Vict.
261 2393 268 2412 t
293 2383 464 2412 contentio
482 2382 522 2412 M
