1742 2651
144 155 212 192 IX.
236 155 312 191 viii
640 158 694 193 M.
727 158 894 195 TVLLI
926 158 1232 197 CICERONIS

264 269 422 305 Nullam
469 283 548 306 rem
596 282 783 318 umquam
829 269 1085 307 difficiliorem
1133 268 1312 318 cogitavi,
1352 270 1421 307 sed
1466 268 1596 318 cogito

263 340 393 371 tamen
421 348 493 372 nec
521 349 598 381 cro,
622 342 662 372 ut
684 335 721 371 in
745 334 866 380 malis,
890 334 1112 384 imparatus.
1172 335 1250 372 Sed
1277 347 1369 372 cura
1392 341 1434 372 ut
1454 336 1592 372 valeas.

263 400 365 436 Puto
385 400 489 436 enim
511 400 617 438 diem
638 407 747 437 tuum
771 399 852 437 heri
874 399 1002 438 fuisse.

307 545 373 579 IX
538 547 608 579 Ser.
628 549 660 578 in
679 549 859 578 Formiano
874 549 933 578 xvi
947 548 989 578 K.
1010 547 1096 587 Apr.
1116 558 1146 578 a.
1169 557 1223 586 705
1239 547 1320 587 89)-

679 642 854 673 CICERO
879 641 1053 671 ATTICO
1081 641 1178 671 SAL.
1614 653 1632 686 5

227 731 244 759 1
315 720 403 758 Tris
433 720 618 769 epistulas
649 728 733 758 tuas
763 719 896 770 accepi
926 719 1113 769 postridie
1146 719 1253 756 idus.
1314 719 1435 756 Erant
1463 726 1595 756 autem

262 797 337 831 1111,
373 798 430 832 111,
464 785 588 835 pridie
624 787 720 823 Idus
759 786 883 823 datae.
963 784 1084 834 Igitur
1121 782 1416 833 antiquissimae
1453 783 1596 833 cuique

259 850 429 900 primum
455 851 714 900 respondebo.
775 850 969 889 Adsentio
996 849 1077 896 tibi,
1101 857 1142 886 ut
1173 848 1212 885 in
1241 848 1450 886 Formiano
1479 847 1596 898 potis-

260 915 403 953 simum
442 930 672 963 commorer,
707 916 824 954 etiam
856 917 906 954 de
945 929 1086 965 supero
1122 913 1230 961 mari,
1264 914 1522 963 †plaboquet‚
1554 921 1596 951 111

259 988 376 1019 antea
403 983 453 1020 ad
482 989 518 1020 te
543 981 689 1031 scripsi,
713 995 934 1031 ecquonam
963 982 1083 1018 modo
1113 979 1260 1030 possim
1288 980 1488 1017 voluntate
1513 978 1595 1016 eius
1618 993 1655 1014 10

261 1048 407 1084 nullam
440 1047 492 1085 rei
523 1047 704 1097 publicae
739 1055 888 1096 partem
920 1046 1118 1096 attingere.
1180 1045 1302 1094 Quod
1335 1046 1470 1083 laudas
1505 1044 1597 1094 quia

260 1111 437 1150 oblivisci
468 1126 531 1150 me
561 1112 695 1162 scripsi
725 1120 816 1150 ante
845 1114 946 1150 facta
980 1120 1018 1150 et
1052 1111 1195 1150 delicta
1224 1110 1344 1149 nostri
1373 1109 1499 1157 amici,
1523 1123 1596 1159 ego

259 1191 351 1215 vero
381 1177 433 1216 ita
462 1177 573 1216 facio.
634 1178 742 1226 Quin
773 1192 818 1216 ea
847 1177 940 1227 ipsa,
970 1191 1070 1227 quae
1101 1191 1124 1215 a
1155 1185 1193 1215 te
1225 1183 1593 1221 commemorantur,

260 1256 371 1280 secus
401 1243 451 1280 ab
481 1257 528 1281 eo
559 1243 598 1280 in
629 1257 691 1281 me
722 1242 850 1292 ipsum
880 1243 982 1280 facta
1010 1256 1095 1280 esse
1124 1256 1205 1280 non
1233 1241 1404 1280 memini.
1463 1243 1594 1279 Tanto

260 1310 346 1358 plus
367 1309 472 1358 apud
495 1322 557 1346 me
578 1310 705 1346 valere
724 1307 893 1346 benefici
912 1307 1073 1358 gratiam
1095 1321 1214 1358 quam
1235 1307 1396 1346 iniuriae
1416 1308 1593 1346 dolorem
1615 1318 1652 1350 15

260 1375 360 1411 volo.
422 1373 627 1412 Faciamus
648 1373 773 1424 igitur,
797 1380 838 1411 ut
864 1387 1011 1420 censes,
1035 1373 1358 1424 conligamusque
1384 1387 1466 1412 nos.
1526 1374 1595 1413 Σο-

260 1441 423 1489 φιστεύω
444 1439 549 1477 6111111
571 1439 685 1477 simul
713 1446 755 1476 ut
782 1452 845 1477 rus
875 1440 1041 1477 decurro
1070 1447 1188 1489 atque
1216 1439 1256 1477 in
1284 1441 1450 1479 decursu
1476 1441 1596 1482 θέσεις

261 1519 367 1543 meas
397 1504 655 1543 commentari
684 1518 765 1542 non
795 1504 944 1542 desino.
1004 1505 1082 1543 Sed
1113 1514 1202 1544 sunt
1232 1508 1427 1557 quaedam
1461 1521 1594 1546 earum

260 1570 506 1621 perdifficiles
535 1571 586 1608 ad
617 1569 887 1609 iudicandum.
957 1572 1018 1609 De
1050 1572 1305 1622 optimatibus
1337 1574 1384 1612 sit
1415 1587 1508 1612 sane
1542 1573 1595 1612 ita

262 1644 303 1674 ut
334 1637 417 1679 vis:
455 1637 524 1674 sed
555 1635 658 1674 nosti
688 1635 785 1674 illud
817 1639 1035 1679 ίΔιονύσιος
1064 1642 1102 1678 ἐν
1124 1642 1316 1694 Κορίνθῳ.’
1613 1656 1654 1678 20

315 1701 437 1740 Titini
476 1702 577 1740 filius
615 1703 721 1752 apud
761 1703 971 1742 Caesarem
1009 1714 1077 1744 est.
1155 1709 1276 1756 Quod
1313 1717 1444 1748 autem
1483 1709 1594 1760 quasi

262 1767 382 1806 vereri
420 1767 562 1806 videris
601 1782 650 1806 ne
689 1768 784 1805 mihi
824 1777 890 1807 tua
927 1772 1091 1810 consilia
1129 1774 1375 1824 displiceant,
1406 1789 1469 1813 me
1503 1789 1594 1813 vero

261 1833 358 1871 nihil
379 1835 547 1872 delectat
573 1833 680 1872 aliud
711 1834 785 1872 nisi
812 1836 1019 1875 consilium
1047 1846 1085 1877 et
1112 1839 1260 1879 litterae
1280 1848 1379 1879 tuae.
1440 1842 1530 1889 Qua
1554 1854 1594 1879 re

260 1900 331 1944 fac,
355 1907 396 1937 ut
417 1899 602 1947 ostendis,
620 1915 669 1939 ne
689 1901 883 1941 destiteris
902 1905 953 1942 ad
974 1918 1037 1943 me
1058 1905 1247 1956 quicquid
1268 1906 1338 1945 tibi
1358 1905 1397 1944 in
1419 1913 1591 1944 mentem

260 1965 407 2003 venerit
428 1966 606 2004 scribere.
667 1966 769 2005 Mihi
790 1968 885 2006 nihil
907 1978 1035 2020 potest
1056 1985 1140 2010 esse
1160 1971 1314 2022 gratius,
1613 1980 1651 2012 25

217 2041 244 2070 2
316 2031 444 2070 Venio
473 2033 523 2070 ad
547 2034 707 2071 alteram
738 2049 844 2073 nunc
868 2036 1085 2086 epistulam.
1147 2038 1271 2075 Recte
1292 2050 1372 2075 non
1393 2036 1518 2075 credis
1543 2038 1593 2075 de

262 2110 425 2135 numero
447 2098 614 2137 militurn
632 2114 639 2145 3
667 2100 753 2150 ipso
774 2101 940 2140 dimidio
961 2103 1047 2151 plus
1069 2101 1219 2152 scripsit
1241 2101 1392 2141 Clodia.
1435 2103 1592 2139 Falsum

261 2162 378 2200 etiam
413 2164 462 2201 de
494 2165 683 2215 corruptis
716 2167 891 2205 navibus.
952 2168 1072 2215 Quod
1104 2169 1307 2206 consulem
1339 2168 1485 2214 laudas,
1519 2180 1592 2216 ego

304 2270 324 2299 8
348 2268 515 2300 Adsentio
534 2269 575 2300 M
588 2272 692 2311 vulg..
714 2271 750 2307 rs]
772 2271 819 2302 ad
831 2272 886 2303 vii.
904 2282 933 2310 3.
950 2283 991 2311 3:
1016 2271 1204 2302 Adsentior
1219 2272 1332 2303 Baiter
1468 2282 1489 2309 9
1515 2281 1590 2310 per·

261 2312 355 2343 labor
370 2313 407 2343 I:
442 2315 683 2354 temptaboque
704 2314 903 2355 Nipperdey:
941 2315 1153 2354 palpaboque
1171 2316 1311 2346 Rosius:
1337 2315 1415 2354 sort.
1437 2314 1589 2354 perlabo-

262 2367 367 2395 roque
527 2368 564 2396 13
589 2363 898 2388 commemorantur
925 2369 1024 2389 secus
1041 2384 1047 2389 .
1069 2383 1076 2390 .
1097 2386 1101 2390 .
1122 2359 1210 2389 sacta
1238 2369 1326 2397 esse,
1359 2369 1426 2388 non
1452 2359 1589 2388 memini

266 2399 455 2439 Wesenberg
595 2403 634 2431 16
659 2401 843 2439 Σοφιστεύω
859 2401 1000 2432 Rosius:
1028 2403 1148 2433 festivo
1165 2401 1235 2431 MZ
1378 2413 1412 2441 17
1439 2408 1538 2441 atque
1556 2403 1590 2432 in

261 2444 403 2474 decursu
422 2444 453 2474 Z
468 2448 556 2475 ,teste
574 2445 742 2486 Baitero):
775 2450 875 2484 atque
893 2456 990 2476 cursu
1011 2445 1051 2475 M
1212 2447 1253 2476 28
1278 2445 1451 2475 consulem
1480 2445 1589 2476 M1C:

261 2488 420 2519 consules
437 2489 524 2528 vultg.
