<?xml version="1.0" encoding="UTF-8"?>
<!DOCTYPE html PUBLIC "-//W3C//DTD XHTML 1.0 Transitional//EN"
    "http://www.w3.org/TR/xhtml1/DTD/xhtml1-transitional.dtd">
<html xmlns="http://www.w3.org/1999/xhtml" xml:lang="en" lang="en">
 <head>
  <title>
</title>
<meta http-equiv="Content-Type" content="text/html;charset=utf-8" />
  <meta name='ocr-system' content='tesseract 3.04.00' />
  <meta name='ocr-capabilities' content='ocr_page ocr_carea ocr_par ocr_line ocrx_word'/>
</head>
<body>
  <div class='ocr_page' id='page_1' title='image "./p2epistulaerecog02ciceuoft_0090.png"; bbox 0 0 1742 2651; ppageno 0'>
   <div class='ocr_carea' id='block_1_1' title="bbox 69 117 1127 159">
    <p class='ocr_par' dir='ltr' id='par_1_1' title="bbox 69 117 1127 159">
     <span class='ocr_line' id='line_1_1' title="bbox 69 117 1127 159; baseline -0.004 0"><span class='ocrx_word' id='word_1_1' title='bbox 69 122 139 159; x_wconf 85' lang='lat' dir='ltr'>XI.</span> <span class='ocrx_word' id='word_1_2' title='bbox 162 121 191 157; x_wconf 93' lang='lat' dir='ltr'>ii</span> <span class='ocrx_word' id='word_1_3' title='bbox 533 120 587 156; x_wconf 86' lang='lat' dir='ltr'>M.</span> <span class='ocrx_word' id='word_1_4' title='bbox 620 119 787 155; x_wconf 88' lang='lat' dir='ltr'>TVLLI</span> <span class='ocrx_word' id='word_1_5' title='bbox 820 117 1127 156; x_wconf 77' lang='lat' dir='ltr'><strong>CICERONIS</strong></span> 
     </span>
    </p>
   </div>
   <div class='ocr_carea' id='block_1_2' title="bbox 134 227 1548 722">
    <p class='ocr_par' dir='ltr' id='par_1_2' title="bbox 181 227 1506 335">
     <span class='ocr_line' id='line_1_2' title="bbox 181 227 1506 279; baseline -0.004 -9"><span class='ocrx_word' id='word_1_6' title='bbox 181 233 298 271; x_wconf 88' lang='lat' dir='ltr'>etiam</span> <span class='ocrx_word' id='word_1_7' title='bbox 327 245 432 270; x_wconf 87' lang='lat' dir='ltr'>nunc</span> <span class='ocrx_word' id='word_1_8' title='bbox 453 230 550 269; x_wconf 83' lang='lat' dir='ltr'>effici</span> <span class='ocrx_word' id='word_1_9' title='bbox 574 237 701 279; x_wconf 79' lang='lat' dir='ltr'>potest</span> <span class='ocrx_word' id='word_1_10' title='bbox 723 236 763 266; x_wconf 90' lang='lat' dir='ltr'>ut</span> <span class='ocrx_word' id='word_1_11' title='bbox 786 243 834 267; x_wconf 91' lang='lat' dir='ltr'>ne</span> <span class='ocrx_word' id='word_1_12' title='bbox 862 242 940 278; x_wconf 88' lang='lat' dir='ltr'>qua</span> <span class='ocrx_word' id='word_1_13' title='bbox 960 228 1142 277; x_wconf 80' lang='lat' dir='ltr'>singulari</span> <span class='ocrx_word' id='word_1_14' title='bbox 1173 227 1332 266; x_wconf 86' lang='lat' dir='ltr'>adficiar</span> <span class='ocrx_word' id='word_1_15' title='bbox 1352 227 1506 266; x_wconf 87' lang='lat' dir='ltr'>calami-</span> 
     </span>
     <span class='ocr_line' id='line_1_3' title="bbox 182 295 487 335; baseline -0.007 0"><span class='ocrx_word' id='word_1_16' title='bbox 182 305 258 335; x_wconf 85' lang='lat' dir='ltr'>tate</span> <span class='ocrx_word' id='word_1_17' title='bbox 280 304 316 335; x_wconf 95' lang='lat' dir='ltr'>et</span> <span class='ocrx_word' id='word_1_18' title='bbox 339 295 487 334; x_wconf 86' lang='lat' dir='ltr'>iniuria.</span> 
     </span>
    </p>

    <p class='ocr_par' dir='ltr' id='par_1_3' title="bbox 134 357 1548 722">
     <span class='ocr_line' id='line_1_4' title="bbox 134 357 1511 410; baseline -0.004 -10"><span class='ocrx_word' id='word_1_19' title='bbox 134 374 160 410; x_wconf 95' lang='lat'>4</span> <span class='ocrx_word' id='word_1_20' title='bbox 234 361 402 399; x_wconf 78' lang='lat' dir='ltr'>Tardius</span> <span class='ocrx_word' id='word_1_21' title='bbox 431 362 482 399; x_wconf 89' lang='lat' dir='ltr'>ad</span> <span class='ocrx_word' id='word_1_22' title='bbox 503 368 540 398; x_wconf 91' lang='lat' dir='ltr'>te</span> <span class='ocrx_word' id='word_1_23' title='bbox 565 359 694 397; x_wconf 85' lang='lat' dir='ltr'>remisi</span> <span class='ocrx_word' id='word_1_24' title='bbox 720 358 964 397; x_wconf 76' lang='lat' dir='ltr'>tabellarium</span> <span class='ocrx_word' id='word_1_25' title='bbox 989 359 1096 408; x_wconf 92' lang='lat' dir='ltr'>quod</span> <span class='ocrx_word' id='word_1_26' title='bbox 1128 365 1300 407; x_wconf 85' lang='lat' dir='ltr'>potestas</span> <span class='ocrx_word' id='word_1_27' title='bbox 1330 357 1511 395; x_wconf 86' lang='lat' dir='ltr'>mittendi</span> 
     </span>
     <span class='ocr_line' id='line_1_5' title="bbox 182 421 1512 473; baseline -0.004 -9"><span class='ocrx_word' id='word_1_28' title='bbox 182 441 261 464; x_wconf 88' lang='lat' dir='ltr'>non</span> <span class='ocrx_word' id='word_1_29' title='bbox 284 426 364 463; x_wconf 90' lang='lat' dir='ltr'>fuit.</span> <span class='ocrx_word' id='word_1_30' title='bbox 425 428 460 463; x_wconf 84' lang='lat' dir='ltr'><strong>A</strong></span> <span class='ocrx_word' id='word_1_31' title='bbox 482 425 556 462; x_wconf 87' lang='lat' dir='ltr'>tuis</span> <span class='ocrx_word' id='word_1_32' title='bbox 571 432 607 462; x_wconf 91' lang='lat' dir='ltr'>et</span> <span class='ocrx_word' id='word_1_33' title='bbox 630 437 881 461; x_wconf 88' lang='lat' dir='ltr'>nummorum</span> <span class='ocrx_word' id='word_1_34' title='bbox 896 423 1029 473; x_wconf 89' lang='lat' dir='ltr'>accepi</span> <span class='ocrx_word' id='word_1_35' title='bbox 1047 424 1117 461; x_wconf 83' lang='lat' dir='ltr'>HS</span> <span class='ocrx_word' id='word_1_36' title='bbox 1134 421 1218 460; x_wconf 55' lang='lat' dir='ltr'>{H</span> <span class='ocrx_word' id='word_1_37' title='bbox 1236 430 1273 460; x_wconf 90' lang='lat' dir='ltr'>et</span> <span class='ocrx_word' id='word_1_38' title='bbox 1290 422 1512 460; x_wconf 85' lang='lat' dir='ltr'>vestiment-</span> 
     </span>
     <span class='ocr_line' id='line_1_6' title="bbox 181 487 1548 540; baseline -0.005 -11"><span class='ocrx_word' id='word_1_39' title='bbox 181 505 293 530; x_wconf 85' lang='lat' dir='ltr'>orum</span> <span class='ocrx_word' id='word_1_40' title='bbox 334 491 441 540; x_wconf 87' lang='lat' dir='ltr'>quod</span> <span class='ocrx_word' id='word_1_41' title='bbox 477 503 575 539; x_wconf 84' lang='lat' dir='ltr'>opus</span> <span class='ocrx_word' id='word_1_42' title='bbox 614 488 696 526; x_wconf 86' lang='lat' dir='ltr'>fuit.</span> <span class='ocrx_word' id='word_1_43' title='bbox 767 488 923 536; x_wconf 83' lang='lat' dir='ltr'>Quibus</span> <span class='ocrx_word' id='word_1_44' title='bbox 962 487 1033 526; x_wconf 90' lang='lat' dir='ltr'>tibi</span> <span class='ocrx_word' id='word_1_45' title='bbox 1064 487 1260 526; x_wconf 87' lang='lat' dir='ltr'>videbitur</span> <span class='ocrx_word' id='word_1_46' title='bbox 1293 487 1409 524; x_wconf 87' lang='lat' dir='ltr'>velim</span> <span class='ocrx_word' id='word_1_47' title='bbox 1443 487 1511 523; x_wconf 82' lang='lat' dir='ltr'>des</span> <span class='ocrx_word' id='word_1_48' title='bbox 1536 498 1548 505; x_wconf 86' lang='lat'>·</span> 
     </span>
     <span class='ocr_line' id='line_1_7' title="bbox 182 549 1512 598; baseline -0.005 -6"><span class='ocrx_word' id='word_1_49' title='bbox 182 554 326 592; x_wconf 76' lang='lat' dir='ltr'>litteras</span> <span class='ocrx_word' id='word_1_50' title='bbox 362 568 451 592; x_wconf 87' lang='lat' dir='ltr'>meo</span> <span class='ocrx_word' id='word_1_51' title='bbox 486 553 656 591; x_wconf 87' lang='lat' dir='ltr'>nomine.</span> <span class='ocrx_word' id='word_1_52' title='bbox 718 551 833 590; x_wconf 87' lang='lat' dir='ltr'>Nosti</span> <span class='ocrx_word' id='word_1_53' title='bbox 865 565 975 589; x_wconf 89' lang='lat' dir='ltr'>meos</span> <span class='ocrx_word' id='word_1_54' title='bbox 1014 550 1221 588; x_wconf 88' lang='lat' dir='ltr'>familiaris.</span> <span class='ocrx_word' id='word_1_55' title='bbox 1284 551 1331 588; x_wconf 72' lang='lat' dir='ltr'>Si</span> <span class='ocrx_word' id='word_1_56' title='bbox 1358 549 1512 598; x_wconf 84' lang='lat' dir='ltr'>signum</span> 
     </span>
     <span class='ocr_line' id='line_1_8' title="bbox 182 613 1514 669; baseline -0.005 -12"><span class='ocrx_word' id='word_1_57' title='bbox 182 619 379 669; x_wconf 76' lang='lat' dir='ltr'>requirent</span> <span class='ocrx_word' id='word_1_58' title='bbox 428 625 495 656; x_wconf 83' lang='lat' dir='ltr'>aut</span> <span class='ocrx_word' id='word_1_59' title='bbox 542 631 714 663; x_wconf 88' lang='lat' dir='ltr'>manum,</span> <span class='ocrx_word' id='word_1_60' title='bbox 755 616 862 654; x_wconf 89' lang='lat' dir='ltr'>dices</span> <span class='ocrx_word' id='word_1_61' title='bbox 914 630 976 654; x_wconf 85' lang='lat' dir='ltr'>mc</span> <span class='ocrx_word' id='word_1_62' title='bbox 1022 623 1180 665; x_wconf 87' lang='lat' dir='ltr'>propter</span> <span class='ocrx_word' id='word_1_63' title='bbox 1230 613 1428 653; x_wconf 88' lang='lat' dir='ltr'>custodias</span> <span class='ocrx_word' id='word_1_64' title='bbox 1468 627 1514 651; x_wconf 87' lang='lat' dir='ltr'>ea</span> 
     </span>
     <span class='ocr_line' id='line_1_9' title="bbox 182 695 333 722; baseline 0 -1"><span class='ocrx_word' id='word_1_65' title='bbox 182 695 333 722; x_wconf 81' lang='lat' dir='ltr'>vltasse.</span> 
     </span>
    </p>
   </div>
   <div class='ocr_carea' id='block_1_3' title="bbox 226 819 1244 861">
    <p class='ocr_par' dir='ltr' id='par_1_4' title="bbox 226 819 1244 861">
     <span class='ocr_line' id='line_1_10' title="bbox 226 819 1244 861; baseline -0.006 -6"><span class='ocrx_word' id='word_1_66' title='bbox 226 820 299 855; x_wconf 82' lang='lat' dir='ltr'>III</span> <span class='ocrx_word' id='word_1_67' title='bbox 442 822 511 854; x_wconf 69' lang='lat' dir='ltr'>Ser.</span> <span class='ocrx_word' id='word_1_68' title='bbox 532 822 564 852; x_wconf 78' lang='lat' dir='ltr'>in</span> <span class='ocrx_word' id='word_1_69' title='bbox 582 822 694 852; x_wconf 75' lang='lat' dir='ltr'>castris</span> <span class='ocrx_word' id='word_1_70' title='bbox 711 821 851 861; x_wconf 75' lang='lat' dir='ltr'>Pompei</span> <span class='ocrx_word' id='word_1_71' title='bbox 864 820 912 851; x_wconf 80' lang='lat' dir='ltr'>Id.</span> <span class='ocrx_word' id='word_1_72' title='bbox 933 820 1009 851; x_wconf 74' lang='lat' dir='ltr'>Iun.</span> <span class='ocrx_word' id='word_1_73' title='bbox 1030 831 1058 851; x_wconf 80' lang='lat' dir='ltr'>a.</span> <span class='ocrx_word' id='word_1_74' title='bbox 1082 820 1140 859; x_wconf 85' lang='lat'>706</span> <span class='ocrx_word' id='word_1_75' title='bbox 1158 819 1244 860; x_wconf 73' lang='lat'><em>(48).</em></span> 
     </span>
    </p>
   </div>
   <div class='ocr_carea' id='block_1_4' title="bbox 597 909 1094 941">
    <p class='ocr_par' dir='ltr' id='par_1_5' title="bbox 597 909 1094 941">
     <span class='ocr_line' id='line_1_11' title="bbox 597 909 1094 941; baseline -0.002 -1"><span class='ocrx_word' id='word_1_76' title='bbox 597 910 772 941; x_wconf 84' lang='lat' dir='ltr'>CICERO</span> <span class='ocrx_word' id='word_1_77' title='bbox 797 909 968 939; x_wconf 81' lang='lat' dir='ltr'>ATTICO</span> <span class='ocrx_word' id='word_1_78' title='bbox 996 909 1094 939; x_wconf 76' lang='lat' dir='ltr'>SAL.</span> 
     </span>
    </p>
   </div>
   <div class='ocr_carea' id='block_1_5' title="bbox 140 984 1574 2141">
    <p class='ocr_par' dir='ltr' id='par_1_6' title="bbox 147 984 1517 1677">
     <span class='ocr_line' id='line_1_12' title="bbox 147 984 1512 1037; baseline -0.004 -9"><span class='ocrx_word' id='word_1_79' title='bbox 147 1002 163 1028; x_wconf 92' lang='lat'>1</span> <span class='ocrx_word' id='word_1_80' title='bbox 240 988 347 1037; x_wconf 84' lang='lat' dir='ltr'>Quid</span> <span class='ocrx_word' id='word_1_81' title='bbox 379 988 441 1025; x_wconf 77' lang='lat' dir='ltr'>hic</span> <span class='ocrx_word' id='word_1_82' title='bbox 471 995 605 1037; x_wconf 78' lang='lat' dir='ltr'>agatur</span> <span class='ocrx_word' id='word_1_83' title='bbox 636 986 732 1024; x_wconf 85' lang='lat' dir='ltr'>scire.</span> <span class='ocrx_word' id='word_1_84' title='bbox 767 985 912 1035; x_wconf 84' lang='lat' dir='ltr'>poteris</span> <span class='ocrx_word' id='word_1_85' title='bbox 944 1000 989 1023; x_wconf 84' lang='lat' dir='ltr'>ex</span> <span class='ocrx_word' id='word_1_86' title='bbox 1021 999 1069 1023; x_wconf 90' lang='lat' dir='ltr'>eo</span> <span class='ocrx_word' id='word_1_87' title='bbox 1101 984 1167 1034; x_wconf 89' lang='lat' dir='ltr'>qui</span> <span class='ocrx_word' id='word_1_88' title='bbox 1200 984 1344 1022; x_wconf 78' lang='lat' dir='ltr'>litteras</span> <span class='ocrx_word' id='word_1_89' title='bbox 1373 984 1512 1022; x_wconf 85' lang='lat' dir='ltr'>attulit.</span> 
     </span>
     <span class='ocr_line' id='line_1_13' title="bbox 185 1050 1516 1102; baseline -0.004 -10"><span class='ocrx_word' id='word_1_90' title='bbox 185 1056 315 1102; x_wconf 83' lang='lat' dir='ltr'>Quem</span> <span class='ocrx_word' id='word_1_91' title='bbox 333 1053 480 1091; x_wconf 89' lang='lat' dir='ltr'>diutius</span> <span class='ocrx_word' id='word_1_92' title='bbox 497 1052 604 1090; x_wconf 88' lang='lat' dir='ltr'>tenui</span> <span class='ocrx_word' id='word_1_93' title='bbox 621 1052 713 1101; x_wconf 90' lang='lat' dir='ltr'>quia</span> <span class='ocrx_word' id='word_1_94' title='bbox 733 1051 878 1090; x_wconf 86' lang='lat' dir='ltr'>cotidie</span> <span class='ocrx_word' id='word_1_95' title='bbox 899 1051 1048 1100; x_wconf 86' lang='lat' dir='ltr'>aliquid</span> <span class='ocrx_word' id='word_1_96' title='bbox 1064 1050 1155 1088; x_wconf 88' lang='lat' dir='ltr'>novi</span> <span class='ocrx_word' id='word_1_97' title='bbox 1172 1050 1516 1100; x_wconf 64' lang='lat' dir='ltr'>exspectabamusg</span> 
     </span>
     <span class='ocr_line' id='line_1_14' title="bbox 182 1115 1515 1169; baseline -0.004 -12"><span class='ocrx_word' id='word_1_98' title='bbox 182 1133 311 1169; x_wconf 89' lang='lat' dir='ltr'>neque</span> <span class='ocrx_word' id='word_1_99' title='bbox 340 1132 444 1156; x_wconf 91' lang='lat' dir='ltr'>nunc</span> <span class='ocrx_word' id='word_1_100' title='bbox 467 1117 647 1155; x_wconf 89' lang='lat' dir='ltr'>mittendi</span> <span class='ocrx_word' id='word_1_101' title='bbox 670 1124 801 1154; x_wconf 87' lang='lat' dir='ltr'>tamen</span> <span class='ocrx_word' id='word_1_102' title='bbox 822 1117 902 1153; x_wconf 87' lang='lat' dir='ltr'>ulla</span> <span class='ocrx_word' id='word_1_103' title='bbox 921 1129 1039 1153; x_wconf 86' lang='lat' dir='ltr'>causa</span> <span class='ocrx_word' id='word_1_104' title='bbox 1068 1115 1139 1153; x_wconf 86' lang='lat' dir='ltr'>suit</span> <span class='ocrx_word' id='word_1_105' title='bbox 1168 1123 1319 1165; x_wconf 88' lang='lat' dir='ltr'>praeter</span> <span class='ocrx_word' id='word_1_106' title='bbox 1348 1128 1435 1153; x_wconf 90' lang='lat' dir='ltr'>eam</span> <span class='ocrx_word' id='word_1_107' title='bbox 1465 1116 1515 1153; x_wconf 88' lang='lat' dir='ltr'>de</span> 
     </span>
     <span class='ocr_line' id='line_1_15' title="bbox 181 1179 1515 1234; baseline -0.004 -12"><span class='ocrx_word' id='word_1_108' title='bbox 181 1198 259 1234; x_wconf 88' lang='lat' dir='ltr'>qua</span> <span class='ocrx_word' id='word_1_109' title='bbox 283 1183 353 1222; x_wconf 88' lang='lat' dir='ltr'>tibi</span> <span class='ocrx_word' id='word_1_110' title='bbox 381 1182 539 1221; x_wconf 78' lang='lat' dir='ltr'>rescribi</span> <span class='ocrx_word' id='word_1_111' title='bbox 555 1182 722 1227; x_wconf 87' lang='lat' dir='ltr'>voluisti,</span> <span class='ocrx_word' id='word_1_112' title='bbox 746 1182 855 1230; x_wconf 92' lang='lat' dir='ltr'>quod</span> <span class='ocrx_word' id='word_1_113' title='bbox 884 1182 935 1218; x_wconf 83' lang='lat' dir='ltr'>ad</span> <span class='ocrx_word' id='word_1_114' title='bbox 968 1182 1055 1218; x_wconf 83' lang='lat' dir='ltr'>Kal.</span> <span class='ocrx_word' id='word_1_115' title='bbox 1076 1179 1211 1228; x_wconf 83' lang='lat' dir='ltr'>Quint.</span> <span class='ocrx_word' id='word_1_116' title='bbox 1236 1179 1403 1229; x_wconf 85' lang='lat' dir='ltr'>pertinet</span> <span class='ocrx_word' id='word_1_117' title='bbox 1419 1179 1515 1228; x_wconf 91' lang='lat' dir='ltr'>quid</span> 
     </span>
     <span class='ocr_line' id='line_1_16' title="bbox 181 1243 1515 1296; baseline -0.004 -10"><span class='ocrx_word' id='word_1_118' title='bbox 181 1250 334 1287; x_wconf 86' lang='lat' dir='ltr'>vellem.</span> <span class='ocrx_word' id='word_1_119' title='bbox 394 1250 616 1296; x_wconf 89' lang='lat' dir='ltr'>Vtrumque</span> <span class='ocrx_word' id='word_1_120' title='bbox 642 1260 757 1296; x_wconf 81' lang='lat' dir='ltr'>grave</span> <span class='ocrx_word' id='word_1_121' title='bbox 790 1253 846 1284; x_wconf 84' lang='lat' dir='ltr'>est</span> <span class='ocrx_word' id='word_1_122' title='bbox 886 1254 923 1283; x_wconf 89' lang='lat' dir='ltr'>et</span> <span class='ocrx_word' id='word_1_123' title='bbox 960 1254 1038 1282; x_wconf 89' lang='lat' dir='ltr'>tam</span> <span class='ocrx_word' id='word_1_124' title='bbox 1074 1244 1178 1294; x_wconf 80' lang='lat' dir='ltr'>gravi</span> <span class='ocrx_word' id='word_1_125' title='bbox 1212 1252 1389 1294; x_wconf 87' lang='lat' dir='ltr'>tempore</span> <span class='ocrx_word' id='word_1_126' title='bbox 1421 1243 1515 1293; x_wconf 87' lang='lat' dir='ltr'>peri-</span> 
     </span>
     <span class='ocr_line' id='line_1_17' title="bbox 182 1309 1515 1361; baseline -0.005 -10"><span class='ocrx_word' id='word_1_127' title='bbox 182 1315 315 1352; x_wconf 89' lang='lat' dir='ltr'>culum</span> <span class='ocrx_word' id='word_1_128' title='bbox 355 1320 486 1350; x_wconf 80' lang='lat' dir='ltr'>tantae</span> <span class='ocrx_word' id='word_1_129' title='bbox 525 1311 717 1361; x_wconf 87' lang='lat' dir='ltr'>pecuniae</span> <span class='ocrx_word' id='word_1_130' title='bbox 756 1318 793 1349; x_wconf 90' lang='lat' dir='ltr'>et</span> <span class='ocrx_word' id='word_1_131' title='bbox 829 1310 952 1348; x_wconf 89' lang='lat' dir='ltr'>dubio</span> <span class='ocrx_word' id='word_1_132' title='bbox 988 1323 1115 1348; x_wconf 89' lang='lat' dir='ltr'>rerum</span> <span class='ocrx_word' id='word_1_133' title='bbox 1152 1309 1257 1347; x_wconf 84' lang='lat' dir='ltr'>exitu</span> <span class='ocrx_word' id='word_1_134' title='bbox 1289 1309 1362 1346; x_wconf 89' lang='lat' dir='ltr'>ista</span> <span class='ocrx_word' id='word_1_135' title='bbox 1396 1322 1515 1358; x_wconf 87' lang='lat' dir='ltr'>quam</span> 
     </span>
     <span class='ocr_line' id='line_1_18' title="bbox 182 1373 1516 1427; baseline -0.005 -10"><span class='ocrx_word' id='word_1_136' title='bbox 182 1379 318 1417; x_wconf 88' lang='lat' dir='ltr'>scribis</span> <span class='ocrx_word' id='word_1_137' title='bbox 338 1377 532 1427; x_wconf 87' lang='lat' dir='ltr'>abruptio.</span> <span class='ocrx_word' id='word_1_138' title='bbox 593 1378 683 1424; x_wconf 85' lang='lat' dir='ltr'>Qua</span> <span class='ocrx_word' id='word_1_139' title='bbox 713 1389 752 1414; x_wconf 89' lang='lat' dir='ltr'>re</span> <span class='ocrx_word' id='word_1_140' title='bbox 782 1383 824 1413; x_wconf 92' lang='lat' dir='ltr'>ut</span> <span class='ocrx_word' id='word_1_141' title='bbox 852 1375 928 1413; x_wconf 88' lang='lat' dir='ltr'>alia</span> <span class='ocrx_word' id='word_1_142' title='bbox 957 1375 1012 1413; x_wconf 84' lang='lat' dir='ltr'>sic</span> <span class='ocrx_word' id='word_1_143' title='bbox 1043 1376 1118 1412; x_wconf 87' lang='lat' dir='ltr'>hoc</span> <span class='ocrx_word' id='word_1_144' title='bbox 1146 1376 1205 1412; x_wconf 89' lang='lat' dir='ltr'>vel</span> <span class='ocrx_word' id='word_1_145' title='bbox 1228 1373 1395 1411; x_wconf 82' lang='lat' dir='ltr'>maxime</span> <span class='ocrx_word' id='word_1_146' title='bbox 1426 1381 1516 1410; x_wconf 87' lang='lat' dir='ltr'>tuae</span> 
     </span>
     <span class='ocr_line' id='line_1_19' title="bbox 181 1439 1517 1491; baseline -0.005 -10"><span class='ocrx_word' id='word_1_147' title='bbox 181 1458 295 1482; x_wconf 80' lang='lat' dir='ltr'>curae</span> <span class='ocrx_word' id='word_1_148' title='bbox 316 1441 694 1491; x_wconf 85' lang='lat' dir='ltr'>benevolentiaeque</span> <span class='ocrx_word' id='word_1_149' title='bbox 722 1440 905 1491; x_wconf 87' lang='lat' dir='ltr'>permitto</span> <span class='ocrx_word' id='word_1_150' title='bbox 933 1448 969 1478; x_wconf 90' lang='lat' dir='ltr'>et</span> <span class='ocrx_word' id='word_1_151' title='bbox 995 1440 1097 1478; x_wconf 86' lang='lat' dir='ltr'>illius</span> <span class='ocrx_word' id='word_1_152' title='bbox 1125 1439 1291 1477; x_wconf 88' lang='lat' dir='ltr'>consilio</span> <span class='ocrx_word' id='word_1_153' title='bbox 1318 1446 1355 1476; x_wconf 89' lang='lat' dir='ltr'>et</span> <span class='ocrx_word' id='word_1_154' title='bbox 1383 1439 1517 1476; x_wconf 92' lang='lat' dir='ltr'>volun-</span> 
     </span>
     <span class='ocr_line' id='line_1_20' title="bbox 182 1503 1515 1555; baseline -0.005 -9"><span class='ocrx_word' id='word_1_155' title='bbox 182 1508 275 1555; x_wconf 76' lang='lat' dir='ltr'>tati3</span> <span class='ocrx_word' id='word_1_156' title='bbox 306 1507 368 1545; x_wconf 91' lang='lat' dir='ltr'>cui</span> <span class='ocrx_word' id='word_1_157' title='bbox 390 1507 553 1545; x_wconf 79' lang='lat' dir='ltr'>miserae</span> <span class='ocrx_word' id='word_1_158' title='bbox 575 1505 859 1544; x_wconf 87' lang='lat' dir='ltr'>consuluissem</span> <span class='ocrx_word' id='word_1_159' title='bbox 883 1505 1032 1551; x_wconf 84' lang='lat' dir='ltr'>melius,</span> <span class='ocrx_word' id='word_1_160' title='bbox 1057 1505 1087 1542; x_wconf 88' lang='lat' dir='ltr'>si</span> <span class='ocrx_word' id='word_1_161' title='bbox 1109 1512 1239 1542; x_wconf 91' lang='lat' dir='ltr'>tecum</span> <span class='ocrx_word' id='word_1_162' title='bbox 1261 1503 1354 1541; x_wconf 88' lang='lat' dir='ltr'>olim</span> <span class='ocrx_word' id='word_1_163' title='bbox 1383 1516 1515 1540; x_wconf 88' lang='lat' dir='ltr'>coram</span> 
     </span>
     <span class='ocr_line' id='line_1_21' title="bbox 183 1567 1515 1624; baseline -0.005 -13"><span class='ocrx_word' id='word_1_164' title='bbox 183 1573 313 1624; x_wconf 86' lang='lat' dir='ltr'>potius</span> <span class='ocrx_word' id='word_1_165' title='bbox 330 1586 447 1622; x_wconf 86' lang='lat' dir='ltr'>quam</span> <span class='ocrx_word' id='word_1_166' title='bbox 462 1585 530 1622; x_wconf 88' lang='lat' dir='ltr'>per</span> <span class='ocrx_word' id='word_1_167' title='bbox 546 1571 690 1609; x_wconf 80' lang='lat' dir='ltr'>litteras</span> <span class='ocrx_word' id='word_1_168' title='bbox 708 1571 757 1608; x_wconf 87' lang='lat' dir='ltr'>de</span> <span class='ocrx_word' id='word_1_169' title='bbox 780 1571 904 1608; x_wconf 86' lang='lat' dir='ltr'>salute</span> <span class='ocrx_word' id='word_1_170' title='bbox 919 1577 1051 1607; x_wconf 88' lang='lat' dir='ltr'>nostra</span> <span class='ocrx_word' id='word_1_171' title='bbox 1067 1568 1312 1617; x_wconf 85' lang='lat' dir='ltr'>fortunisque</span> <span class='ocrx_word' id='word_1_172' title='bbox 1329 1567 1515 1605; x_wconf 89' lang='lat' dir='ltr'>delibera-</span> 
     </span>
     <span class='ocr_line' id='line_1_22' title="bbox 183 1639 336 1677; baseline -0.013 0"><span class='ocrx_word' id='word_1_173' title='bbox 183 1639 336 1677; x_wconf 89' lang='lat' dir='ltr'>vissem.</span> 
     </span>
    </p>

    <p class='ocr_par' dir='ltr' id='par_1_7' title="bbox 140 1687 1574 2076">
     <span class='ocr_line' id='line_1_23' title="bbox 140 1687 1517 1753; baseline -0.007 -11"><span class='ocrx_word' id='word_1_174' title='bbox 140 1721 165 1749; x_wconf 88' lang='lat'>2</span> <span class='ocrx_word' id='word_1_175' title='bbox 239 1704 359 1753; x_wconf 89' lang='lat' dir='ltr'>Quod</span> <span class='ocrx_word' id='word_1_176' title='bbox 390 1716 508 1751; x_wconf 81' lang='lat' dir='ltr'>negas</span> <span class='ocrx_word' id='word_1_177' title='bbox 538 1701 792 1752; x_wconf 87' lang='lat' dir='ltr'>praecipuum</span> <span class='ocrx_word' id='word_1_178' title='bbox 824 1700 919 1737; x_wconf 87' lang='lat' dir='ltr'>mihi</span> <span class='ocrx_word' id='word_1_179' title='bbox 951 1701 1074 1738; x_wconf 89' lang='lat' dir='ltr'>ullum</span> <span class='ocrx_word' id='word_1_180' title='bbox 1100 1687 1147 1736; x_wconf 28' lang='lat' dir='ltr'>*in</span> <span class='ocrx_word' id='word_1_181' title='bbox 1178 1698 1435 1735; x_wconf 72' lang='lat' dir='ltr'>communibus</span> <span class='ocrx_word' id='word_1_182' title='bbox 1464 1697 1517 1734; x_wconf 93' lang='lat' dir='ltr'>in-</span> 
     </span>
     <span class='ocr_line' id='line_1_24' title="bbox 184 1763 1517 1816; baseline -0.006 -9"><span class='ocrx_word' id='word_1_183' title='bbox 184 1768 406 1807; x_wconf 88' lang='lat' dir='ltr'>commodis</span> <span class='ocrx_word' id='word_1_184' title='bbox 441 1768 681 1816; x_wconf 86' lang='lat' dir='ltr'>impendere,</span> <span class='ocrx_word' id='word_1_185' title='bbox 715 1766 787 1804; x_wconf 84' lang='lat' dir='ltr'>etsi</span> <span class='ocrx_word' id='word_1_186' title='bbox 826 1766 899 1803; x_wconf 87' lang='lat' dir='ltr'>ista</span> <span class='ocrx_word' id='word_1_187' title='bbox 939 1779 997 1803; x_wconf 86' lang='lat' dir='ltr'>res</span> <span class='ocrx_word' id='word_1_188' title='bbox 1037 1777 1111 1802; x_wconf 72' lang='lat' dir='ltr'>uon</span> <span class='ocrx_word' id='word_1_189' title='bbox 1146 1763 1242 1801; x_wconf 85' lang='lat' dir='ltr'>nihil</span> <span class='ocrx_word' id='word_1_190' title='bbox 1277 1763 1395 1800; x_wconf 88' lang='lat' dir='ltr'>habet</span> <span class='ocrx_word' id='word_1_191' title='bbox 1427 1775 1517 1800; x_wconf 92' lang='lat' dir='ltr'>con-</span> 
     </span>
     <span class='ocr_line' id='line_1_25' title="bbox 184 1830 1516 1880; baseline -0.006 -8"><span class='ocrx_word' id='word_1_192' title='bbox 184 1833 398 1880; x_wconf 88' lang='lat' dir='ltr'>solationis,</span> <span class='ocrx_word' id='word_1_193' title='bbox 446 1840 577 1870; x_wconf 88' lang='lat' dir='ltr'>tamen</span> <span class='ocrx_word' id='word_1_194' title='bbox 628 1831 745 1870; x_wconf 88' lang='lat' dir='ltr'>etiam</span> <span class='ocrx_word' id='word_1_195' title='bbox 793 1830 1003 1880; x_wconf 88' lang='lat' dir='ltr'>praecipua</span> <span class='ocrx_word' id='word_1_196' title='bbox 1042 1831 1165 1866; x_wconf 89' lang='lat' dir='ltr'>multa</span> <span class='ocrx_word' id='word_1_197' title='bbox 1206 1835 1296 1865; x_wconf 86' lang='lat' dir='ltr'>sunt</span> <span class='ocrx_word' id='word_1_198' title='bbox 1335 1841 1436 1877; x_wconf 90' lang='lat' dir='ltr'>quae</span> <span class='ocrx_word' id='word_1_199' title='bbox 1475 1834 1516 1864; x_wconf 94' lang='lat' dir='ltr'>tu</span> 
     </span>
     <span class='ocr_line' id='line_1_26' title="bbox 182 1891 1574 1949; baseline -0.007 -12"><span class='ocrx_word' id='word_1_200' title='bbox 182 1900 358 1949; x_wconf 89' lang='lat' dir='ltr'>profecto</span> <span class='ocrx_word' id='word_1_201' title='bbox 392 1897 501 1935; x_wconf 85' lang='lat' dir='ltr'>vides</span> <span class='ocrx_word' id='word_1_202' title='bbox 541 1904 578 1934; x_wconf 90' lang='lat' dir='ltr'>et</span> <span class='ocrx_word' id='word_1_203' title='bbox 608 1895 835 1946; x_wconf 81' lang='lat' dir='ltr'>gravissima</span> <span class='ocrx_word' id='word_1_204' title='bbox 873 1908 957 1933; x_wconf 89' lang='lat' dir='ltr'>esse</span> <span class='ocrx_word' id='word_1_205' title='bbox 997 1901 1034 1932; x_wconf 89' lang='lat' dir='ltr'>et</span> <span class='ocrx_word' id='word_1_206' title='bbox 1074 1907 1136 1931; x_wconf 88' lang='lat' dir='ltr'>me</span> <span class='ocrx_word' id='word_1_207' title='bbox 1176 1892 1359 1930; x_wconf 88' lang='lat' dir='ltr'>facillime</span> <span class='ocrx_word' id='word_1_208' title='bbox 1397 1891 1516 1929; x_wconf 87' lang='lat' dir='ltr'>vitare</span> <span class='ocrx_word' id='word_1_209' title='bbox 1540 1903 1574 1925; x_wconf 81' lang='lat'>2·</span> 
     </span>
     <span class='ocr_line' id='line_1_27' title="bbox 182 1958 1514 2015; baseline -0.007 -13"><span class='ocrx_word' id='word_1_210' title='bbox 182 1963 366 2015; x_wconf 87' lang='lat' dir='ltr'>potuisse.</span> <span class='ocrx_word' id='word_1_211' title='bbox 437 1965 495 2000; x_wconf 88' lang='lat' dir='ltr'>Ea</span> <span class='ocrx_word' id='word_1_212' title='bbox 516 1970 648 1999; x_wconf 89' lang='lat' dir='ltr'>tamen</span> <span class='ocrx_word' id='word_1_213' title='bbox 679 1968 792 1999; x_wconf 87' lang='lat' dir='ltr'>erunt</span> <span class='ocrx_word' id='word_1_214' title='bbox 813 1959 965 1997; x_wconf 88' lang='lat' dir='ltr'>minora</span> <span class='ocrx_word' id='word_1_215' title='bbox 995 1959 1036 2004; x_wconf 90' lang='lat' dir='ltr'>si,</span> <span class='ocrx_word' id='word_1_216' title='bbox 1056 1964 1101 1995; x_wconf 76' lang='lat' dir='ltr'>ut</span> <span class='ocrx_word' id='word_1_217' title='bbox 1118 1959 1249 1996; x_wconf 86' lang='lat' dir='ltr'>adhuc</span> <span class='ocrx_word' id='word_1_218' title='bbox 1274 1958 1419 1994; x_wconf 88' lang='lat' dir='ltr'>factum</span> <span class='ocrx_word' id='word_1_219' title='bbox 1445 1964 1514 2002; x_wconf 87' lang='lat' dir='ltr'>est,</span> 
     </span>
     <span class='ocr_line' id='line_1_28' title="bbox 181 2024 1178 2076; baseline -0.007 -9"><span class='ocrx_word' id='word_1_220' title='bbox 181 2027 521 2068; x_wconf 83' lang='lat' dir='ltr'>administratione</span> <span class='ocrx_word' id='word_1_221' title='bbox 544 2025 825 2076; x_wconf 81' lang='lat' dir='ltr'>diligentiaque</span> <span class='ocrx_word' id='word_1_222' title='bbox 848 2032 913 2061; x_wconf 89' lang='lat' dir='ltr'>tua</span> <span class='ocrx_word' id='word_1_223' title='bbox 935 2024 1178 2061; x_wconf 79' lang='lat' dir='ltr'>levabuntur.</span> 
     </span>
    </p>

    <p class='ocr_par' dir='ltr' id='par_1_8' title="bbox 140 2087 1516 2141">
     <span class='ocr_line' id='line_1_29' title="bbox 140 2087 1516 2141; baseline -0.007 -9"><span class='ocrx_word' id='word_1_224' title='bbox 140 2104 164 2140; x_wconf 90' lang='lat'><strong>3</strong></span> <span class='ocrx_word' id='word_1_225' title='bbox 240 2092 412 2131; x_wconf 85' lang='lat' dir='ltr'>Pecunia</span> <span class='ocrx_word' id='word_1_226' title='bbox 439 2093 545 2141; x_wconf 86' lang='lat' dir='ltr'>apud</span> <span class='ocrx_word' id='word_1_227' title='bbox 569 2090 781 2140; x_wconf 79' lang='lat' dir='ltr'>Egnatium</span> <span class='ocrx_word' id='word_1_228' title='bbox 812 2096 881 2127; x_wconf 85' lang='lat' dir='ltr'>est.</span> <span class='ocrx_word' id='word_1_229' title='bbox 941 2088 998 2126; x_wconf 86' lang='lat' dir='ltr'>Sit</span> <span class='ocrx_word' id='word_1_230' title='bbox 1025 2102 1048 2126; x_wconf 89' lang='lat' dir='ltr'>a</span> <span class='ocrx_word' id='word_1_231' title='bbox 1077 2101 1140 2126; x_wconf 92' lang='lat' dir='ltr'>me</span> <span class='ocrx_word' id='word_1_232' title='bbox 1171 2094 1212 2125; x_wconf 90' lang='lat' dir='ltr'>ut</span> <span class='ocrx_word' id='word_1_233' title='bbox 1243 2094 1311 2125; x_wconf 88' lang='lat' dir='ltr'>est.</span> <span class='ocrx_word' id='word_1_234' title='bbox 1373 2087 1516 2135; x_wconf 90' lang='lat' dir='ltr'>Neque</span> 
     </span>
    </p>
   </div>
   <div class='ocr_carea' id='block_1_6' title="bbox 183 2190 1516 2497">
    <p class='ocr_par' dir='ltr' id='par_1_9' title="bbox 183 2190 1516 2497">
     <span class='ocr_line' id='line_1_30' title="bbox 227 2190 1516 2233; baseline -0.006 -6"><span class='ocrx_word' id='word_1_235' title='bbox 227 2199 248 2227; x_wconf 89' lang='lat'>6</span> <span class='ocrx_word' id='word_1_236' title='bbox 272 2198 308 2227; x_wconf 81' lang='lat' dir='ltr'>Si</span> <span class='ocrx_word' id='word_1_237' title='bbox 326 2196 400 2228; x_wconf 80' lang='lat' dir='ltr'>add.</span> <span class='ocrx_word' id='word_1_238' title='bbox 421 2196 507 2226; x_wconf 70' lang='lat' dir='ltr'>(frat.</span> <span class='ocrx_word' id='word_1_239' title='bbox 665 2205 682 2233; x_wconf 92' lang='lat'>7</span> <span class='ocrx_word' id='word_1_240' title='bbox 708 2195 799 2224; x_wconf 85' lang='lat' dir='ltr'>dices</span> <span class='ocrx_word' id='word_1_241' title='bbox 818 2193 977 2223; x_wconf 76' lang='lat' dir='ltr'>Graevius</span> <span class='ocrx_word' id='word_1_242' title='bbox 994 2204 1000 2223; x_wconf 90' lang='lat'>:</span> <span class='ocrx_word' id='word_1_243' title='bbox 1024 2193 1118 2223; x_wconf 83' lang='lat' dir='ltr'>dices</span> <span class='ocrx_word' id='word_1_244' title='bbox 1135 2192 1167 2221; x_wconf 87' lang='lat' dir='ltr'>ul</span> <span class='ocrx_word' id='word_1_245' title='bbox 1186 2191 1240 2231; x_wconf 79' lang='lat' dir='ltr'>(de</span> <span class='ocrx_word' id='word_1_246' title='bbox 1255 2190 1264 2220; x_wconf 91' lang='grc' dir='ltr'>Ι</span> <span class='ocrx_word' id='word_1_247' title='bbox 1282 2191 1440 2220; x_wconf 78' lang='lat' dir='ltr'>incertum</span> <span class='ocrx_word' id='word_1_248' title='bbox 1457 2190 1516 2229; x_wconf 77' lang='lat' dir='ltr'>est)</span> 
     </span>
     <span class='ocr_line' id='line_1_31' title="bbox 186 2234 1515 2277; baseline -0.006 -7"><span class='ocrx_word' id='word_1_249' title='bbox 186 2241 242 2271; x_wconf 78' lang='lat' dir='ltr'>M:</span> <span class='ocrx_word' id='word_1_250' title='bbox 268 2241 359 2271; x_wconf 78' lang='lat' dir='ltr'>dicas</span> <span class='ocrx_word' id='word_1_251' title='bbox 378 2240 453 2269; x_wconf 78' lang='lat' dir='ltr'>volo</span> <span class='ocrx_word' id='word_1_252' title='bbox 472 2238 558 2269; x_wconf 77' lang='lat' dir='ltr'>Reid</span> <span class='ocrx_word' id='word_1_253' title='bbox 571 2250 577 2269; x_wconf 76' lang='grc' dir='ltr'>ε</span> <span class='ocrx_word' id='word_1_254' title='bbox 592 2238 672 2277; x_wconf 82' lang='lat' dir='ltr'>sort.</span> <span class='ocrx_word' id='word_1_255' title='bbox 693 2239 787 2268; x_wconf 83' lang='lat' dir='ltr'>dices</span> <span class='ocrx_word' id='word_1_256' title='bbox 804 2237 890 2267; x_wconf 88' lang='lat' dir='ltr'>ultro</span> <span class='ocrx_word' id='word_1_257' title='bbox 1066 2237 1104 2266; x_wconf 87' lang='lat'>18</span> <span class='ocrx_word' id='word_1_258' title='bbox 1129 2245 1228 2265; x_wconf 81' lang='lat' dir='ltr'>curae</span> <span class='ocrx_word' id='word_1_259' title='bbox 1245 2234 1320 2265; x_wconf 81' lang='lat' dir='ltr'>add.</span> <span class='ocrx_word' id='word_1_260' title='bbox 1338 2234 1515 2264; x_wconf 77' lang='lat' dir='ltr'>Lehmann</span> 
     </span>
     <span class='ocr_line' id='line_1_32' title="bbox 184 2278 1514 2317; baseline -0.006 -2"><span class='ocrx_word' id='word_1_261' title='bbox 184 2296 225 2315; x_wconf 80' lang='lat'>22</span> <span class='ocrx_word' id='word_1_262' title='bbox 250 2285 284 2315; x_wconf 88' lang='lat' dir='ltr'>in</span> <span class='ocrx_word' id='word_1_263' title='bbox 301 2283 533 2315; x_wconf 84' lang='lat' dir='ltr'>communibus</span> <span class='ocrx_word' id='word_1_264' title='bbox 549 2281 625 2312; x_wconf 83' lang='lat' dir='ltr'>add.</span> <span class='ocrx_word' id='word_1_265' title='bbox 647 2282 821 2311; x_wconf 78' lang='lat' dir='ltr'>Lehmann</span> <span class='ocrx_word' id='word_1_266' title='bbox 920 2280 1167 2309; x_wconf 88' lang='lat' dir='ltr'>incommodum</span> <span class='ocrx_word' id='word_1_267' title='bbox 1184 2278 1271 2317; x_wconf 80' lang='lat' dir='ltr'><em>vulg.</em></span> <span class='ocrx_word' id='word_1_268' title='bbox 1383 2288 1423 2315; x_wconf 81' lang='lat'>23</span> <span class='ocrx_word' id='word_1_269' title='bbox 1449 2287 1514 2307; x_wconf 87' lang='lat' dir='ltr'>non</span> 
     </span>
     <span class='ocr_line' id='line_1_33' title="bbox 183 2321 1513 2364; baseline -0.007 -5"><span class='ocrx_word' id='word_1_270' title='bbox 183 2328 258 2358; x_wconf 79' lang='lat' dir='ltr'>add.</span> <span class='ocrx_word' id='word_1_271' title='bbox 275 2327 441 2358; x_wconf 73' lang='lat' dir='ltr'>Corradus</span> <span class='ocrx_word' id='word_1_272' title='bbox 573 2336 614 2363; x_wconf 78' lang='lat'>24</span> <span class='ocrx_word' id='word_1_273' title='bbox 639 2325 756 2364; x_wconf 73' lang='lat' dir='ltr'>etiam]</span> <span class='ocrx_word' id='word_1_274' title='bbox 776 2325 841 2354; x_wconf 86' lang='lat' dir='ltr'>iam</span> <span class='ocrx_word' id='word_1_275' title='bbox 864 2323 1050 2363; x_wconf 66' lang='lat' dir='ltr'>Wescnhmg</span> <span class='ocrx_word' id='word_1_276' title='bbox 1174 2331 1214 2360; x_wconf 85' lang='lat'>25</span> <span class='ocrx_word' id='word_1_277' title='bbox 1239 2322 1332 2351; x_wconf 85' lang='lat' dir='ltr'>vides</span> <span class='ocrx_word' id='word_1_278' title='bbox 1350 2326 1383 2351; x_wconf 84' lang='lat' dir='ltr'>et</span> <span class='ocrx_word' id='word_1_279' title='bbox 1400 2321 1488 2362; x_wconf 75' lang='lat' dir='ltr'>vulg.</span> <span class='ocrx_word' id='word_1_280' title='bbox 1506 2331 1513 2350; x_wconf 89' lang='lat'><strong>:</strong></span> 
     </span>
     <span class='ocr_line' id='line_1_34' title="bbox 184 2363 1516 2405; baseline -0.007 -3"><span class='ocrx_word' id='word_1_281' title='bbox 184 2377 220 2402; x_wconf 88' lang='lat' dir='ltr'>ut</span> <span class='ocrx_word' id='word_1_282' title='bbox 236 2373 349 2402; x_wconf 83' lang='lat' dir='ltr'>desset</span> <span class='ocrx_word' id='word_1_283' title='bbox 367 2370 428 2400; x_wconf 85' lang='lat' dir='ltr'>M:</span> <span class='ocrx_word' id='word_1_284' title='bbox 451 2370 546 2400; x_wconf 82' lang='lat' dir='ltr'>vides</span> <span class='ocrx_word' id='word_1_285' title='bbox 564 2374 597 2399; x_wconf 89' lang='lat' dir='ltr'>ut</span> <span class='ocrx_word' id='word_1_286' title='bbox 614 2374 693 2399; x_wconf 84' lang='lat' dir='ltr'>sunt</span> <span class='ocrx_word' id='word_1_287' title='bbox 711 2363 807 2398; x_wconf 69' lang='lat' dir='ltr'><em>ZbF:</em></span> <span class='ocrx_word' id='word_1_288' title='bbox 832 2368 927 2397; x_wconf 88' lang='lat' dir='ltr'>vides</span> <span class='ocrx_word' id='word_1_289' title='bbox 950 2371 997 2405; x_wconf 85' lang='lat' dir='ltr'>et,</span> <span class='ocrx_word' id='word_1_290' title='bbox 1018 2371 1053 2396; x_wconf 91' lang='lat' dir='ltr'>ut</span> <span class='ocrx_word' id='word_1_291' title='bbox 1075 2370 1155 2396; x_wconf 80' lang='lat' dir='ltr'>sunt</span> <span class='ocrx_word' id='word_1_292' title='bbox 1177 2364 1362 2404; x_wconf 59' lang='lat' dir='ltr'>VVesenbezgg</span> <span class='ocrx_word' id='word_1_293' title='bbox 1474 2365 1516 2394; x_wconf 89' lang='lat'>26</span> 
     </span>
     <span class='ocr_line' id='line_1_35' title="bbox 185 2408 1514 2450; baseline -0.007 -4"><span class='ocrx_word' id='word_1_294' title='bbox 185 2420 219 2446; x_wconf 84' lang='lat' dir='ltr'>ut</span> <span class='ocrx_word' id='word_1_295' title='bbox 236 2414 312 2446; x_wconf 82' lang='lat' dir='ltr'>add.</span> <span class='ocrx_word' id='word_1_296' title='bbox 328 2418 398 2446; x_wconf 77' lang='lat' dir='ltr'>vell.</span> <span class='ocrx_word' id='word_1_297' title='bbox 573 2423 612 2450; x_wconf 80' lang='lat'>27</span> <span class='ocrx_word' id='word_1_298' title='bbox 639 2412 884 2450; x_wconf 86' lang='lat' dir='ltr'>diligentiaque</span> <span class='ocrx_word' id='word_1_299' title='bbox 901 2411 936 2448; x_wconf 88' lang='lat' dir='ltr'>I;</span> <span class='ocrx_word' id='word_1_300' title='bbox 961 2410 1135 2450; x_wconf 84' lang='lat' dir='ltr'>diligentia</span> <span class='ocrx_word' id='word_1_301' title='bbox 1152 2408 1238 2440; x_wconf 83' lang='lat' dir='ltr'>codd.</span> <span class='ocrx_word' id='word_1_302' title='bbox 1255 2420 1262 2439; x_wconf 74' lang='grc' dir='ltr'>ε</span> <span class='ocrx_word' id='word_1_303' title='bbox 1286 2413 1320 2439; x_wconf 84' lang='lat' dir='ltr'>et</span> <span class='ocrx_word' id='word_1_304' title='bbox 1336 2408 1514 2447; x_wconf 86' lang='lat' dir='ltr'>diligentia</span> 
     </span>
     <span class='ocr_line' id='line_1_36' title="bbox 183 2454 830 2497; baseline -0.009 -7"><span class='ocrx_word' id='word_1_305' title='bbox 183 2458 298 2490; x_wconf 76' lang='lat' dir='ltr'>Baiter</span> <span class='ocrx_word' id='word_1_306' title='bbox 427 2458 468 2488; x_wconf 85' lang='lat'>28</span> <span class='ocrx_word' id='word_1_307' title='bbox 492 2467 510 2487; x_wconf 86' lang='lat' dir='ltr'>a</span> <span class='ocrx_word' id='word_1_308' title='bbox 528 2456 595 2497; x_wconf 88' lang='lat' dir='ltr'>me]</span> <span class='ocrx_word' id='word_1_309' title='bbox 614 2461 725 2486; x_wconf 87' lang='lat' dir='ltr'>tamen</span> <span class='ocrx_word' id='word_1_310' title='bbox 744 2454 830 2485; x_wconf 73' lang='lat' dir='ltr'>Reid</span> 
     </span>
    </p>
   </div>
  </div>
 </body>
</html>
