1742 2651
565 154 678 191 EPP.
709 154 787 191 AD
817 154 1076 193 ATTICVM
1455 158 1492 194 X

157 263 354 303 scribendi
389 263 470 302 fieri
502 271 657 314 tempus
690 278 784 303 csse.
845 267 922 304 Sed
958 280 1048 303 cum
1080 267 1130 304 ad
1167 280 1229 304 me
1260 280 1375 316 saepe
1407 281 1493 305 mea

157 329 287 367 Tullia
315 329 459 368 scribat
479 342 593 368 orans
618 337 661 368 ut
681 330 777 380 quid
804 329 843 367 in
866 330 1063 380 Hispania
1088 338 1242 381 geratur
1269 339 1490 380 exspectem

156 401 195 432 et
224 408 378 444 semper
406 394 603 433 adscribat
633 394 738 432 idem
767 394 889 432 videri
919 395 990 432 tibi
1024 395 1145 444 idque
1175 395 1258 445 ipse
1293 396 1410 433 etiam
1446 411 1491 434 ex

155 458 231 496 tuis
262 458 397 497 litteris
427 459 694 506 intellexerim,
726 473 806 496 non
833 467 930 509 puto
959 474 1045 497 esse
1074 460 1247 498 alienum
1279 475 1342 499 me
1372 462 1422 498 ad
1453 469 1491 499 te

117 534 133 564 5
155 523 250 572 quid
271 525 322 562 de
343 537 388 562 ea
408 538 447 562 re
468 523 633 562 sentiam
654 523 832 562 scribere.

209 587 429 626 Consilium
459 589 563 626 istud
594 596 687 626 tunc
717 597 818 626 esset
847 590 1030 638 prudens,
1061 598 1104 627 ut
1134 590 1230 627 mihi
1260 590 1423 636 videtur,
1457 591 1486 628 si

154 660 305 690 nostras
344 653 512 691 rationes
551 655 602 692 ad
636 653 944 703 Hispaniensem
979 668 1114 692 casum
1148 655 1486 693 accommodaturi

153 730 353 763 essemus;
392 719 501 767 quod
532 718 613 756 fieri
643 749 650 756 .
683 748 691 756 .
724 748 731 756 .
764 719 939 756 Necesse
971 727 1029 757 est
1061 719 1167 757 enim
1202 728 1279 766 aut,
1310 720 1349 757 id
1379 721 1487 769 quod

153 781 322 819 maxime
342 782 472 829 velim,
494 782 584 832 pelli
611 782 728 820 istum
757 784 808 821 ab
830 783 1026 833 Hispania
1052 792 1119 822 aut
1146 785 1245 822 trahi
1273 785 1313 823 id
1340 786 1486 823 bellum

95 859 134 882 10
151 853 218 883 aut
252 846 381 893 istum,
416 855 457 885 ut
497 849 695 886 confidere
728 847 891 894 videtur,
925 851 1222 898 apprehendere
1258 850 1483 900 Hispanias.

152 910 191 948 Si
220 913 396 960 pelletur,
429 926 548 961 quam
581 920 710 962 gratus
741 921 808 950 aut
843 927 961 962 quam
997 915 1186 953 honestus
1219 923 1301 952 tum
1336 916 1406 953 erit
1435 917 1486 954 ad

152 976 386 1026 Pompeium
412 985 544 1015 noster
570 979 773 1025 adventus,
805 992 896 1016 cum
925 978 1053 1028 ipsum
1077 980 1292 1018 Curionem
1319 982 1369 1018 ad
1394 995 1484 1018 eum

149 1040 402 1079 transiturum
433 1044 598 1091 putem?
654 1042 722 1080 Sin
752 1043 915 1080 trahitur
944 1044 1103 1091 bellum,
1134 1044 1231 1093 quid
1261 1053 1483 1095 exspectem

148 1113 215 1143 aut
245 1120 363 1156 quam
394 1107 495 1145 diu?
552 1107 804 1157 Relinquitur
838 1116 890 1155 ut,
922 1108 953 1145 si
983 1108 1176 1147 vincimur
1205 1110 1245 1146 in
1278 1109 1483 1159 Hispania,

93 1185 129 1216 15
149 1171 408 1220 quiescamus.
471 1173 519 1210 Id
554 1186 627 1222 ego
661 1180 798 1211 contra
836 1181 942 1223 puto.
1005 1175 1130 1211 Istum
1161 1175 1266 1212 enim
1297 1175 1484 1213 victorem

149 1237 271 1287 magis
293 1237 596 1287 relinquendum
614 1246 710 1287 puto
732 1252 850 1287 quam
865 1238 1012 1276 victum
1034 1247 1071 1277 et
1093 1239 1341 1278 dubitantem
1364 1240 1486 1290 magis

148 1316 267 1351 quam
298 1304 487 1341 fidentem
518 1303 598 1341 suis
632 1303 758 1341 rebus.
819 1305 923 1342 Nam
954 1306 1117 1343 caedem
1148 1305 1264 1343 video
1295 1305 1325 1342 si
1352 1305 1485 1343 vicerit

147 1376 185 1405 et
214 1368 404 1419 impetum
435 1369 473 1406 in
499 1369 735 1419 privatorum
767 1369 956 1419 pecunias
983 1378 1021 1407 et
1048 1371 1225 1408 exsulum
1254 1370 1421 1408 reditum
1447 1378 1485 1409 et

149 1434 301 1472 tabulas
335 1449 458 1473 novas
494 1443 531 1473 et
572 1434 884 1484 turpissimorum
926 1435 1096 1472 honores
1133 1442 1171 1473 et
1205 1449 1367 1484 regnum
1402 1449 1483 1473 non

89 1509 129 1530 20
148 1501 269 1538 modo
303 1502 489 1539 Romano
528 1500 679 1538 homini
719 1501 789 1538 sed
828 1514 877 1538 ne
917 1502 1057 1538 Persae
1096 1500 1257 1550 quidem
1297 1501 1481 1551 cuiquam

146 1566 358 1605 tolerabile.
431 1566 569 1604 Tacita
611 1581 696 1605 esse
742 1566 883 1616 poterit
931 1565 1142 1615 indignitas
1186 1568 1355 1604 nostra?
1402 1567 1481 1616 pati

146 1638 330 1680 poterunt
360 1632 463 1670 oculi
493 1646 557 1670 me
587 1646 677 1670 cum
699 1632 870 1671 Gabinio
901 1631 1135 1669 sententiam
1166 1631 1306 1678 dicere,
1334 1639 1371 1670 et
1401 1632 1483 1681 qui-

145 1697 237 1734 dem
267 1697 377 1735 illum
408 1697 532 1747 rogari
562 1697 700 1747 prius?
738 1705 892 1747 praesto
923 1710 1008 1735 esse
1037 1696 1221 1735 clientem
1252 1705 1362 1735 tuum
1395 1698 1483 1736 Clo-

146 1761 267 1809 dium,
310 1763 353 1801 C.
395 1762 486 1800 Atei
526 1762 779 1812 Plagulefflm,
822 1764 1009 1801 ceteros?
1065 1763 1143 1800 Sed
1189 1775 1257 1800 cur
1301 1762 1482 1800 inimicos

87 1834 126 1865 25
146 1826 314 1876 conligo,
348 1826 415 1876 qui
450 1840 559 1865 meos
598 1826 838 1865 necessarios
872 1841 896 1864 a
930 1841 993 1865 me
1027 1828 1212 1865 defensos
1246 1840 1319 1865 nec
1351 1826 1482 1865 videre

145 1890 185 1928 in
219 1891 325 1930 curia
356 1891 440 1930 sine
474 1893 611 1930 dolore
650 1905 723 1930 nec
753 1892 895 1930 versari
934 1892 1034 1930 inter
1065 1905 1133 1930 eos
1168 1892 1252 1930 sine
1286 1893 1482 1930 dedecore

143 1958 314 2006 potero?
371 1956 479 2006 Quid
520 1956 550 1994 si
582 1970 632 1994 ne
666 1956 706 1995 id
739 1957 901 2006 quidem
941 1965 999 2009 est
1039 1959 1282 2007 exploratum
1323 1959 1404 1995 fore
1438 1965 1480 1995 ut

143 2021 239 2060 mihi
260 2022 406 2060 liceat?
462 2022 646 2060 Scribunt
667 2022 772 2060 enim
799 2024 850 2061 ad
878 2036 941 2061 me
967 2023 1084 2061 amici
1107 2022 1190 2061 eius
1211 2036 1274 2061 me
1296 2023 1349 2060 illi
1370 2024 1479 2061 nullo

142 2088 264 2125 modo
285 2087 376 2125 satis
397 2087 535 2125 fecisse
552 2088 659 2136 quod
680 2087 719 2124 in
740 2096 920 2126 senatum
942 2101 1022 2126 non
1039 2087 1223 2126 venerim.
1271 2089 1478 2126 Tamenne

82 2161 122 2191 30
142 2151 369 2190 dubitemus
398 2165 447 2189 an
479 2151 513 2190 ei
544 2165 616 2189 nos
641 2151 757 2190 etiam
786 2166 877 2190 cum
905 2152 1079 2202 periculo
1107 2152 1367 2199 venditemus,
1396 2153 1478 2202 qui-

184 2256 204 2285 8
229 2256 261 2285 in
286 2255 403 2285 lacuna
427 2255 502 2285 add.
532 2265 600 2284 non
627 2255 728 2285 debet
755 2255 825 2286 Pl:
863 2266 929 2285 non
957 2265 1098 2285 necesse
1125 2261 1176 2285 est
1204 2256 1324 2286 Orelli:
1358 2256 1475 2294 nequit

140 2298 230 2328 Koclz
249 2311 256 2328 :
282 2309 344 2328 nec
362 2299 540 2328 honestum
559 2303 610 2328 est
627 2309 690 2329 nee
709 2303 815 2329 tutum
833 2298 1011 2328 Lehmann
1141 2310 1178 2338 13
1204 2299 1264 2330 Sin
1281 2298 1400 2329 Lumb.
1417 2311 1422 2328 :
1448 2300 1474 2328 si

143 2341 346 2372 O2RPM‘2s:
371 2342 400 2372 si
417 2353 491 2372 cum
512 2340 611 2371 O¹M1
627 2353 632 2371 :
659 2341 687 2372 si
705 2347 822 2372 contra
839 2341 994 2372 Sclnuidt
1183 2344 1223 2373 16
1247 2342 1295 2383 et]
1316 2353 1378 2373 nec
1396 2342 1473 2373 coni.

140 2384 340 2425 Frcderking
472 2396 509 2415 21
537 2385 655 2416 Tacita
671 2385 758 2416 codd.
774 2386 861 2426 vulg.
881 2397 886 2414 1
912 2385 1021 2416 Tanta
1038 2384 1080 2414 Zl
1097 2385 1182 2416 Boot

1496 187 1503 194 .
1522 157 1598 193 viii

1501 1576 1525 1612 3
