1742 2651
179 142 247 178 IX.
272 141 332 177 vii
652 142 706 177 M.
739 141 906 177 TVLLI
938 139 1244 178 CICERONIS

335 254 381 290 In
416 251 577 302 Epirum
611 252 719 301 quod
756 265 818 289 me
858 264 937 288 non
970 250 1121 296 invitas,
1155 249 1340 287 comitem
1376 263 1456 287 non
1491 250 1610 287 mole-

280 324 393 363 stum,
429 316 657 354 subirascor.
719 316 795 353 Sed
831 316 925 352 vale.
987 316 1089 352 Nam
1125 321 1167 351 ut
1198 313 1268 351 tibi
1307 314 1604 361 ambulandum,

282 383 522 432 ungendum,
561 381 615 419 sic
650 380 745 417 mihi
781 379 1070 418 dormiendum.
1151 378 1309 417 Etenim
1340 378 1489 418 litterae
1519 385 1608 417 tuae

281 446 376 484 mihi
398 460 581 485 somnum
603 447 826 484 attulerunt.

927 534 972 570 A.
1630 545 1647 575 5

553 614 619 645 Ser.
641 613 769 644 Romae
785 614 818 644 vi
832 617 891 643 aut
906 624 925 644 v
941 613 990 644 Id.
1013 614 1113 645 lilarl.
1135 624 1163 644 α.
1186 623 1241 653 705
1253 614 1337 654 (49).

485 678 668 709 BALBVS
693 678 750 709 ET
775 679 941 710 OPPIVS
967 679 1003 710 S.
1031 679 1070 711 D.
1099 679 1144 710 M.
1171 678 1409 709 CICERONI.

246 751 262 777 1
338 742 497 779 Nedum
530 739 735 778 hominum
772 739 992 787 humilium,
1027 747 1069 778 ut
1100 754 1172 778 nos
1207 753 1353 786 sumus,
1390 741 1458 778 sed
1493 739 1609 778 etiam

280 804 611 855 amplissimorum
633 804 802 842 virorum
824 804 987 842 consilia
1007 818 1053 842 ex
1074 812 1228 851 eventu,
1247 818 1327 855 non
1344 818 1390 842 ex
1410 805 1610 842 voluntate

280 884 303 908 a
334 870 530 921 plerisque
562 869 716 919 probari
752 871 889 907 solent.
949 871 1103 908 Tamen
1143 869 1227 908 freti
1267 877 1332 907 tua
1366 869 1609 908 humanitate
1632 887 1670 908 10

282 936 391 985 quod
430 935 673 973 verissimum
723 935 837 972 nobis
883 934 1079 973 videbitur
1122 935 1171 973 de
1211 948 1259 972 eo
1300 936 1407 984 quod
1447 936 1497 972 ad
1537 948 1610 972 nos

281 1000 466 1050 scripsisti
507 999 576 1038 tibi
616 999 822 1037 consilium
863 999 1055 1037 dabimus.
1135 1000 1257 1047 Quod
1300 999 1329 1037 si
1374 1013 1452 1037 non
1497 999 1610 1037 fuerit

282 1067 467 1116 prudens,
498 1072 537 1102 at
575 1071 679 1102 certe
718 1065 767 1101 ab
807 1064 956 1114 optima
988 1065 1066 1102 fide
1101 1072 1139 1102 et
1171 1064 1322 1114 optimo
1360 1063 1493 1102 animo
1527 1078 1611 1114 pro-

281 1131 485 1169 ficiscetur.

335 1198 421 1234 Nos
451 1195 481 1233 si
513 1195 552 1233 id
583 1196 691 1245 quod
722 1202 855 1233 nostro
886 1194 1032 1232 iudicio
1055 1196 1262 1233 Caesarem
1285 1195 1410 1233 facere
1431 1202 1610 1244 oportere
1633 1207 1669 1238 15

281 1261 558 1306 existimamus,
583 1267 638 1307 ut,
659 1258 774 1297 simul
806 1261 976 1296 Romam
1006 1259 1167 1305 venerit,
1192 1266 1280 1309 agat
1309 1260 1359 1297 de
1388 1258 1610 1297 reconcilia-

282 1326 387 1364 tione
420 1324 564 1375 gratiae
599 1338 692 1362 suae
731 1331 769 1362 et
810 1323 985 1373 Pompei,
1023 1323 1063 1362 id
1100 1337 1191 1361 eum
1227 1325 1419 1362 facturum
1450 1338 1495 1362 ex
1524 1324 1610 1374 ipso

280 1390 612 1441 cognovissemus,
636 1396 673 1426 te
694 1388 838 1427 hortari
859 1402 933 1426 non
955 1389 1206 1426 desineremus
1227 1396 1269 1427 ut
1289 1390 1408 1427 velles
1428 1388 1474 1427 iis
1494 1389 1610 1427 rebus

280 1456 480 1498 interesse,
501 1468 580 1503 quo
610 1453 760 1491 facilius
790 1461 828 1492 et
858 1453 1003 1492 maiore
1038 1467 1129 1492 curn
1166 1453 1356 1504 dignitate
1387 1468 1455 1504 per
1484 1462 1521 1493 te
1542 1455 1609 1504 qui

280 1521 433 1570 utrique
454 1533 494 1558 es
515 1519 750 1558 coniunctus
778 1533 837 1557 res
864 1526 947 1557 tota
975 1521 1177 1567 confieret,
1197 1527 1265 1558 aut
1289 1520 1320 1557 si
1349 1534 1395 1558 ex
1415 1520 1609 1558 contrario
1631 1533 1670 1554 20

280 1593 506 1637 putaremus
528 1585 737 1623 Caesarem
769 1584 808 1622 id
838 1598 919 1622 non
950 1586 1143 1622 facturum
1176 1592 1214 1623 et
1244 1584 1361 1623 etiam
1391 1587 1489 1624 velle
1519 1599 1607 1624 cum

282 1650 474 1701 Pompeio
507 1650 653 1688 bellum
684 1663 815 1699 gerere
848 1649 1046 1697 sciremus,
1085 1664 1302 1700 numquam
1333 1650 1403 1688 tibi
1433 1652 1610 1690 suadere-

282 1729 369 1753 mus
403 1722 538 1753 contra
570 1714 771 1752 hominem
801 1714 949 1764 optime
980 1716 1030 1753 de
1060 1722 1097 1753 te
1129 1715 1310 1753 meritum
1344 1728 1451 1753 arma
1479 1717 1607 1762 ferres,

282 1780 395 1819 sicuti
426 1788 462 1818 te
494 1793 648 1829 semper
681 1779 875 1817 oravimus
910 1793 959 1818 ne
993 1787 1129 1817 contra
1163 1781 1371 1818 Caesarem
1403 1793 1606 1830 pugnares.

239 1855 263 1882 2
283 1846 361 1884 Sed
382 1858 471 1883 cum
494 1845 610 1882 etiam
631 1858 737 1883 nunc
759 1845 853 1894 quid
875 1846 1046 1883 facturus
1068 1846 1212 1884 Caesar
1232 1844 1279 1883 sit
1311 1844 1430 1894 magis
1458 1844 1607 1894 opinari
1629 1860 1666 1891 ²5

281 1924 400 1960 quam
433 1909 532 1957 ,scire
555 1911 757 1960 possimus,
794 1924 874 1948 non
909 1924 1119 1960 possumus
1151 1909 1224 1948 nisi
1259 1911 1345 1957 hoc,
1372 1923 1451 1947 non
1486 1909 1607 1948 videri

327 2026 342 2054 7
370 2025 403 2045 M.
420 2025 582 2045 cxcrznom
596 2016 687 2056 vulg.
704 2028 710 2047 2
736 2015 783 2045 M.
800 2016 922 2046 Cicero
936 2024 1046 2045 meum
1068 2014 1120 2043 M¹
1227 2014 1248 2044 8
1273 2013 1403 2044 Nedum
1417 2013 1607 2053 M(marg.)

280 2060 313 2089 in
330 2058 436 2088 Balbo
453 2059 671 2093 tolerandum,
692 2060 727 2098 cf.
746 2059 921 2089 Hellmutlz
944 2062 951 2076 ‘
968 2058 1067 2088 Ueber
1086 2057 1136 2088 die
1158 2056 1302 2097 spraclze
1324 2056 1379 2087 des
1394 2056 1536 2086 Balbus'
1551 2062 1604 2097 pp.

281 2112 365 2142 43—5
380 2114 386 2133 z
413 2113 524 2132 meum
537 2102 589 2131 M1
607 2114 614 2132 z
640 2103 796 2133 nimirum
814 2102 924 2132 Hand
991 2102 1049 2132 sed
1059 2101 1140 2140 sort.
1157 2100 1388 2131 secludendum
1513 2101 1551 2130 18
1575 2106 1609 2130 te

281 2146 409 2176 hortari
436 2156 505 2175 non
531 2145 765 2176 desineremus
790 2145 949 2185 Madvig:
975 2150 1008 2175 te
1025 2145 1153 2175 hortari
1176 2144 1408 2174 desineremus
1431 2142 1611 2174 Ascensius

283 2190 370 2220 Crat.
402 2189 521 2220 Lamb.
548 2190 607 2228 qni
627 2195 729 2229 snpra
749 2190 783 2229 (l.
812 2190 867 2227 15)
885 2189 968 2219 dant
992 2198 1054 2218 nos
1078 2188 1165 2218 nisi:
1190 2198 1255 2218 om.
1284 2198 1350 2218 non
1375 2187 1609 2217 desineremus

282 2233 342 2263 M:
375 2237 447 2263 ante
465 2238 499 2263 te
515 2232 590 2263 add.
612 2234 812 2263 deberemus
832 2231 1008 2262 Lehmann
1179 2241 1216 2261 21
1245 2231 1344 2261 etiam
1361 2229 1425 2260 ER
1440 2242 1446 2260 :
1479 2235 1513 2261 te
1530 2229 1584 2259 Ml
1601 2241 1607 2259 ε

281 2287 357 2307 eum
375 2276 451 2306 M2:
485 2276 543 2307 del.
567 2276 667 2307 Orelli
839 2286 880 2315 23
904 2274 1037 2316 contra]
1064 2280 1099 2305 ut
1124 2279 1241 2304 contra
1264 2273 1292 2303 L
1318 2274 1472 2314 (marg),
1497 2273 1607 2312 sedcf.

281 2319 455 2351 Hellmutlz
469 2326 504 2360 p.
523 2329 563 2358 47
729 2320 816 2350 serre
841 2320 955 2349 Baiter
1137 2319 1180 2348 26
1205 2317 1371 2357 possimus
1395 2316 1468 2347 add.
1487 2317 1607 2346 Ascen-

279 2365 369 2394 sius:
387 2364 562 2403 possimus,
578 2364 728 2394 scribere
745 2363 821 2394 add.
841 2362 1039 2403 IVescnberg,
1055 2361 1112 2392 sed
1124 2362 1160 2401 cf
1173 2361 1240 2392 xiii.
1257 2371 1307 2392 21.
1321 2371 1339 2391 2
1356 2364 1384 2391 el
1400 2360 1608 2390 Het'dcmann

282 2410 290 2425 ‘
301 2406 351 2438 De
367 2408 535 2437 verborum
551 2407 671 2447 ellipsis
688 2418 748 2437 usn
762 2407 768 2419 ’
781 2412 814 2447 p.
829 2408 870 2436 68
