1742 2651
52 103 169 140 XIII.
194 102 269 138 viii
556 101 610 137 M.
643 100 809 136 TVLLI
843 99 1149 137 CICERONIS

192 215 395 252 Nolanove
424 211 570 250 venalis
600 211 659 248 sit.
721 210 933 260 Epitomen
966 210 1072 247 Bruti
1105 211 1380 250 Caelianorum
1403 212 1517 250 velim

191 278 284 316 mihi
318 277 448 315 mittas
480 284 518 314 et
552 290 573 313 a
610 275 827 313 Philoxeno
860 276 1061 313 Παναιτίου
1093 276 1176 325 περὶ
1209 277 1390 326 προνοίας.
1460 279 1519 314 Te

192 344 330 382 Idibus
351 342 496 381 videbo
517 355 607 380 cum
630 340 717 378 tuis.

232 491 299 525 IX
439 491 508 524 Ser.
530 493 563 521 iu
585 491 773 521 Tusculano
789 491 844 521 ,viv
861 491 903 520 K.
924 490 1035 529 Qm'nr'.
1057 501 1086 521 a.
1107 500 1165 532 709
1186 490 1266 530 (45).

597 580 770 611 CICERO
801 579 984 610 ATTICO
1014 579 1119 611 SAL.
1542 588 1559 618 5

154 686 169 711 1
244 670 514 709 Commodum
543 668 777 706 discesseras
806 666 886 704 heri
913 680 1002 704 eum
1032 667 1240 705 Trebatius
1265 667 1381 714 venit,
1405 669 1524 717 paulo

191 743 278 786 post
318 735 487 779 Curtius,
530 733 593 771 hie
633 732 829 770 salutandi
869 746 986 770 causa
1026 733 1095 770 sed
1137 733 1279 771 mansit
1325 733 1521 771 invitatus.

190 799 420 838 Trebatium
456 798 664 836 nobiscum
700 797 904 835 habemus.
978 798 1113 835 Hodie
1153 811 1268 836 mane
1302 799 1521 836 Dolabella.

192 867 343 904 Multus
384 877 512 902 sermo
552 864 603 901 ad
644 864 811 900 multum
856 862 973 900 diem.
1043 863 1150 900 Nihil
1193 877 1353 913 possum
1394 863 1525 902 dicere

191 932 454 979 ἐκτενέστερον,
479 929 575 967 nihil
604 930 957 980 φιλοστοργότερον.
1019 930 1193 966 Ventum
1226 936 1282 966 &St
1313 938 1443 967 tamen
1474 930 1524 966 ad
1550 942 1585 963 ¹0

192 996 398 1045 Quintum.
461 996 589 1032 Multa
629 996 765 1043 ἄφατα,
801 994 991 1046 ἀδιήγητα,
1029 995 1097 1031 sed
1133 1008 1256 1031 unum
1296 993 1378 1032 eius
1418 994 1525 1032 modi

192 1062 300 1111 quod
321 1059 395 1098 nisi
417 1058 608 1098 exercitus
639 1058 767 1099 sciret.
790 1072 870 1097 non
897 1059 1018 1096 modo
1039 1058 1175 1096 Tironi
1201 1058 1347 1096 dictare
1378 1060 1447 1097 sed
1477 1072 1527 1096 ne

192 1127 275 1176 ipse
296 1125 457 1175 quidem
480 1125 666 1162 auderem
690 1123 869 1161 scribere.
903 1154 910 1161 .
945 1154 951 1160 .
985 1154 991 1160 .
1026 1124 1104 1160 Sed
1125 1125 1326 1161 hactenus.

246 1192 434 1240 Εὐκαίρως
464 1190 515 1227 ad
548 1202 611 1227 me
641 1188 758 1234 venit,
793 1202 883 1226 cum
920 1188 1105 1226 haberem
1140 1188 1400 1234 Dolabellam,
1434 1189 1528 1225 Tor-

194 1264 335 1306 quatus
384 1254 747 1303 humanissimeque
799 1254 1007 1291 Dolabella
1047 1253 1189 1302 quibus
1228 1253 1355 1291 verbis
1394 1266 1527 1291 secum
1553 1267 1588 1298 15

194 1323 359 1373 egissem
381 1320 571 1371 exposuit.
615 1321 886 1359 Commodum
909 1318 1013 1357 enim
1037 1332 1191 1368 egeram
1208 1318 1530 1368 diligentissime3

152 1404 175 1429 2
195 1402 295 1439 quae
326 1386 527 1437 diligentia
556 1393 663 1436 grata
692 1392 750 1423 est
771 1384 852 1422 visa
877 1386 1092 1433 Torquato.
1152 1385 1187 1421 A
1218 1391 1255 1421 te
1285 1390 1469 1433 exspecto
1499 1382 1529 1420 si

195 1453 291 1504 quid
313 1455 362 1492 de
385 1455 518 1490 Bruto.
580 1453 834 1500 Quamquam
867 1450 1002 1488 Nicias
1030 1450 1254 1487 confectum
1276 1449 1439 1498 putabat
1460 1449 1530 1486 sed

196 1519 406 1558 divortium
446 1532 526 1555 non
566 1516 735 1567 probari.
805 1518 897 1565 Quo
931 1515 1048 1554 etiam
1089 1515 1211 1564 magis
1249 1515 1386 1552 laboro
1425 1513 1529 1552 idem

196 1587 304 1634 quod
339 1592 391 1622 tu.
452 1583 490 1622 Si
523 1582 619 1633 quid
655 1589 712 1620 est
746 1581 851 1619 enim
884 1580 1123 1627 offensionis,
1160 1582 1257 1618 haec
1291 1593 1351 1618 res
1384 1579 1529 1618 mederi
1555 1592 1592 1612 20

196 1658 336 1700 potest.

254 1715 352 1753 Mihi
380 1715 573 1765 Arpinum
600 1716 775 1754 eundum
805 1722 873 1753 est.
936 1715 1039 1751 Nam
1065 1721 1103 1751 et
1130 1725 1229 1762 opus
1259 1718 1317 1749 est
1347 1709 1530 1748 constitui

196 1796 218 1818 a
240 1780 353 1819 nobis
382 1780 445 1817 illa
469 1780 670 1830 praediola
691 1788 729 1818 et
750 1793 884 1818 vereor
912 1792 960 1816 ne
988 1777 1156 1816 exeundi
1177 1782 1350 1826 potestas
1377 1788 1456 1812 non
1485 1773 1533 1811 sit

198 1859 287 1883 cum
324 1846 468 1884 Caesar
506 1845 682 1884 venerit:
726 1846 776 1883 de
815 1844 926 1882 cuius
965 1845 1138 1881 adventu
1177 1854 1263 1879 eam
1303 1839 1531 1890 opinionem

202 1910 409 1949 Dolabella
443 1910 562 1948 habet
594 1924 712 1960 quam
746 1917 786 1947 tu
819 1908 1085 1947 coniecturam
1117 1906 1287 1944 faciebas
1321 1919 1368 1942 ex
1396 1903 1532 1941 litteris
1555 1916 1592 1946 25

201 1976 420 2013 Messallae.
493 1977 594 2015 Cum
627 1975 717 2012 illue
752 1987 896 2012 venero
933 1974 1239 2021 intellexeroque
1274 1969 1369 2019 quid
1402 1968 1533 2018 negoti

200 2040 258 2088 sit,
282 2048 365 2078 tum
386 2042 436 2079 ad
461 2054 560 2090 quos
583 2040 667 2078 dies
689 2039 882 2078 rediturus
904 2038 976 2075 sim
999 2037 1167 2075 scribam
1188 2037 1238 2074 ad
1260 2042 1306 2073 te.

248 2154 259 2172 1
282 2142 457 2172 Nolanove
476 2142 634 2172 Vrsinus:
653 2141 775 2171 nolano
788 2139 829 2169 M
919 2150 956 2169 10
975 2139 1109 2169 tandem
1126 2138 1218 2168 Μαιι.
1316 2146 1350 2166 11
1371 2136 1534 2175 Quintum

205 2186 279 2216 Vis-t.
301 2198 308 2216 2
333 2197 398 2224 que
416 2185 457 2215 M
619 2195 656 2223 13
676 2188 753 2225 post
767 2184 914 2214 scribere
936 2182 1148 2213 indicandam
1172 2192 1235 2211 csse
1259 2180 1355 2211 talem
1381 2181 1536 2210 lacunam

201 2230 332 2269 qualem
358 2230 391 2258 in
409 2230 502 2260 Fam.
532 2229 573 2259 iii.
606 2239 654 2259 10.
691 2238 726 2258 11
755 2227 974 2257 invenerimus
1008 2229 1105 2266 putat
1142 2224 1319 2255 Lehmann
1453 2224 1537 2253 haec

202 2277 277 2303 ante
303 2274 465 2303 hactenus
488 2272 565 2303 add.
594 2271 777 2302 Cratander
921 2280 957 2308 15
983 2269 1292 2306 humanissimeque
1312 2292 1318 2298 .
1336 2291 1343 2298 .
1365 2291 1372 2298 .
1394 2267 1537 2305 diligen-

204 2317 332 2346 tissime
350 2327 435 2355 quae
455 2320 477 2345 Σ
495 2316 533 2346 I:
563 2315 804 2346 humanissime
822 2325 909 2353 quae
928 2314 1047 2352 (ceteris
1063 2312 1207 2352 onu'ssis)
1227 2317 1255 2341 Δ
1398 2320 1437 2348 25
1463 2319 1536 2339 cum

198 2364 274 2400 post
289 2365 323 2390 tu
342 2359 479 2390 addend.
499 2361 577 2390 com'.
597 2358 715 2389 Lamb.
