1742 2651
67 101 158 140 XII.
178 101 255 137 xxi
577 101 631 136 M.
664 101 831 136 TVLLI
866 100 1172 137 CICERONIS

214 225 336 249 unum
362 218 398 249 te
423 210 543 261 pluris
570 224 688 259 quam
720 208 848 247 omnis
877 209 962 246 illos
990 217 1135 259 putem.
1197 211 1258 248 Ne
1289 223 1351 248 me
1378 209 1539 259 quidem

213 284 427 314 contemno
450 289 618 325 meoque
647 274 792 312 iudicio
814 276 939 312 multo
967 282 1067 312 stare
1097 276 1200 313 malo
1222 288 1340 324 quam
1362 274 1540 312 omnium

213 341 463 391 reliquorum.
524 342 665 389 Neque
695 347 827 378 tamen
859 339 1085 389 progredior
1116 339 1269 389 longius
1297 354 1414 389 quam
1445 339 1541 377 mihi

212 405 430 444 doctissimi
452 405 632 444 homines
650 405 875 442 concedunt
894 419 900 445 ς
930 418 1097 453 quorum
1119 405 1262 453 scripta
1278 404 1411 443 omnia
1427 418 1542 453 quae-

213 485 384 520 cumque
405 478 496 508 sunt
517 470 556 507 in
573 483 661 508 eam
682 469 918 507 sententiam
937 482 1017 506 non
1034 469 1108 518 legi
1126 471 1265 515 solum,
1282 470 1389 519 quod
1411 468 1539 519 ipsum
1561 480 1578 512 5

212 544 293 574 erat
323 536 431 574 fortis
462 535 620 585 aegroti,
648 535 826 584 accipere
857 534 1111 582 medicinam,
1136 536 1206 573 sed
1237 535 1275 572 in
1304 548 1391 572 mea
1422 534 1540 572 etiam

211 602 354 652 scripta
394 601 584 645 transtuli,
615 602 723 650 quod
763 608 868 639 certe
907 600 1055 638 adflicti
1091 607 1129 638 et
1161 600 1269 638 fracti
1303 599 1424 638 animi
1459 613 1540 637 non

211 666 292 704 suit.
352 667 417 705 Ab
438 666 497 704 his
519 679 582 705 me
610 665 793 704 remediis
821 665 903 703 noli
930 665 969 703 in
998 665 1112 703 istam
1141 665 1295 703 turbam
1316 678 1466 711 vocare,
1490 678 1539 702 ne

211 732 394 771 recidam.

253 877 388 912 XXII
536 880 606 912 Scr.
624 879 771 910 Asturae
786 891 830 911 xv
846 880 887 910 K.
909 880 992 920 Apr.
1009 891 1041 912 a.
1064 890 1123 921 709
1142 880 1224 920 (45).
1563 888 1600 909 10

612 969 783 1000 CICERO
815 969 1000 1000 ATTICO
1029 968 1135 1000 SAL.

173 1070 192 1098 Ι
268 1061 329 1097 De
345 1058 530 1097 Terentia
547 1060 655 1108 quod
677 1058 773 1095 mihi
794 1072 913 1096 omne
929 1072 1029 1096 onus
1046 1057 1230 1107 imponis,
1244 1072 1323 1096 non
1341 1071 1539 1108 cognosco

210 1132 317 1162 tuam
339 1124 378 1161 in
401 1138 463 1162 me
485 1123 780 1173 indulgentiam.
834 1125 914 1160 Ista
929 1122 1034 1161 enim
1056 1130 1146 1160 sunt
1167 1122 1251 1172 ipsa
1266 1124 1426 1161 vulnera
1440 1136 1540 1173 quae

211 1203 291 1227 non
314 1203 474 1239 possum
493 1196 655 1226 tractare
677 1188 760 1226 sine
784 1188 954 1225 maximo
969 1187 1128 1237 gemitu.
1183 1189 1391 1226 Moderare
1413 1189 1537 1238 igitur,

211 1268 370 1304 quaeso,
387 1262 428 1291 ut
446 1261 568 1303 potes.
621 1254 763 1302 Neque
779 1252 884 1290 enim
901 1266 923 1290 a
940 1260 976 1290 te
994 1254 1080 1302 plus
1097 1266 1215 1302 quam
1234 1261 1346 1302 potes
1369 1256 1536 1303 postulo.
1564 1271 1599 1301 15

167 1330 192 1357 2
213 1322 329 1357 Potes
356 1326 488 1356 autem
516 1318 612 1368 quid
634 1317 712 1355 veri
740 1317 788 1354 sit
815 1317 1033 1366 perspicere
1061 1325 1101 1354 tu
1133 1331 1245 1355 unus.
1309 1321 1369 1356 De
1393 1319 1541 1357 Rutilia

211 1385 399 1434 quoniam
431 1383 573 1421 videris
609 1382 800 1429 dubitare,
832 1382 978 1420 scribes
1016 1383 1066 1419 ad
1107 1396 1169 1420 me
1209 1397 1299 1421 cum
1340 1384 1438 1422 scies
1470 1387 1540 1423 sed

210 1463 329 1499 quam
354 1448 536 1498 primum,
559 1456 597 1486 et
622 1461 717 1485 num
744 1446 886 1485 Clodia
908 1448 956 1484 D.
982 1448 1104 1484 Bruto
1132 1448 1327 1486 consulari
1358 1449 1438 1486 filio
1467 1463 1539 1486 suo

211 1523 366 1552 mortuo
400 1513 545 1551 vixerit.
608 1514 655 1550 Id
690 1513 740 1550 de
777 1513 966 1549 Marcello
1006 1520 1072 1550 aut
1112 1521 1216 1551 certe
1251 1515 1301 1551 de
1337 1515 1539 1552 Postumia

210 1580 297 1619 sciri
328 1587 467 1630 potest,
496 1579 591 1616 illud
621 1586 753 1616 autem
783 1578 833 1615 de
863 1579 918 1615 M.
944 1578 1062 1616 Cotta
1091 1587 1158 1616 aut
1187 1580 1237 1617 de
1268 1581 1363 1628 Syro
1392 1587 1458 1617 aut
1489 1581 1538 1618 de
1560 1596 1600 1618 20

211 1648 357 1694 Satyro.

167 1719 191 1756 3
267 1713 328 1748 De
349 1710 470 1748 hortis
491 1709 608 1748 etiam
630 1716 749 1758 atque
765 1708 883 1747 etiam
906 1724 1009 1761 rogo.
1062 1711 1260 1750 Omnibus
1277 1711 1373 1749 meis
1390 1725 1539 1749 eorum-

209 1791 286 1826 que
313 1790 412 1826 quos
440 1775 522 1813 scio
550 1774 645 1812 mihi
674 1789 753 1813 non
783 1777 987 1814 defuturos
1015 1777 1266 1815 facultatibus
1288 1777 1374 1827 (sed
1401 1784 1538 1826 potero

208 1841 323 1891 meis)
345 1841 575 1879 enitendum
599 1839 694 1877 mihi
717 1848 785 1878 est.
848 1843 946 1879 Sunt
968 1841 1084 1880 etiam
1107 1856 1208 1891 quae
1229 1843 1398 1880 vendere
1425 1841 1538 1879 facile

208 1906 366 1956 possim.
427 1907 504 1944 Sed
527 1913 568 1943 ut
594 1919 674 1943 non
696 1907 867 1944 vendam
896 1906 1011 1956 eique
1036 1920 1192 1945 usuram
1221 1908 1392 1957 pendam
1414 1920 1436 1944 a
1457 1920 1537 1955 quo
1561 1919 1598 1950 25

208 1985 341 2009 emero
371 1984 450 2008 non
482 1972 569 2020 plus
599 1985 760 2017 annum,
788 1984 949 2021 possum
980 1971 1144 2021 adsequi
1173 1973 1280 2021 quod
1308 1973 1407 2016 volo,
1436 1971 1466 2008 si
1497 1978 1537 2008 tu

209 2050 272 2074 me
298 2035 471 2074 adiuvas.
533 2035 772 2073 Paratissimi
798 2044 887 2073 sunt
920 2036 1062 2083 Drusi3
1092 2037 1199 2086 cupit
1223 2036 1327 2074 enim
1356 2037 1537 2074 vendere.

210 2101 412 2139 Proximos
449 2109 545 2151 puto
580 2101 763 2143 Lamiae:
805 2102 875 2139 sed
908 2102 1030 2140 abest.
1104 2104 1166 2140 Tu
1202 2109 1343 2147 tamen,
1377 2101 1407 2139 si
1442 2101 1538 2151 quid

208 2174 331 2217 poteS,
351 2168 527 2204 odorare.
588 2168 650 2204 Ne
678 2166 793 2204 Silius
822 2166 983 2216 quidem
1009 2167 1221 2217 quicquam
1246 2166 1364 2204 utitur
1387 2173 1447 2204 >1et
1469 2166 1538 2205 iis†

209 2231 334 2269 usuris
370 2231 554 2269 facillime
587 2231 878 2269 sustentabitur.
941 2233 1060 2270 Habe
1090 2240 1200 2269 tuum
1232 2230 1433 2280 negotium
1464 2244 1537 2268 nec
1560 2242 1599 2273 30

255 2345 297 2364 22
322 2339 354 2363 te
374 2344 456 2372 rogo
473 2327 521 2362 ,ΖῖἸ
541 2334 627 2363 Crat.
736 2345 778 2372 29
804 2340 836 2364 et
854 2332 910 2372 iisl
929 2338 962 2364 et
980 2334 1113 2364 Baz'lcr:
1139 2334 1208 2364 suis
1227 2339 1259 2363 ct
1279 2334 1305 2363 is
1329 2333 1538 2373 ls'esenberg:

209 2383 242 2408 et
261 2377 344 2408 meis
361 2376 515 2407 Schmidt
533 2377 597 2407 coll.
619 2377 649 2407 ll.
671 2387 722 2408 22.
744 2388 785 2415 24
