1742 2651
138 134 184 169 X.
207 132 253 168 iv
594 133 648 169 M.
682 133 849 169 TVLLI
882 132 1188 170 CICERONIS

170 253 212 280 12
287 245 349 281 Tu
372 243 524 294 Oppios
545 243 753 281 Terentiae
777 243 986 293 delegabis.
1049 245 1132 280 Iam
1161 242 1264 280 enim
1286 242 1392 280 urbis
1413 256 1556 280 vanum

232 307 448 358 periculum
469 316 538 346 est.
599 310 666 346 Me
687 316 817 346 tamen
839 308 1004 346 consilio
1026 307 1123 353 iuva,
1147 308 1367 357 pedibusne
1389 307 1558 356 Regium

231 387 282 410 an
314 373 405 411 hinc
440 373 569 410 statim
606 372 645 409 in
678 387 828 419 navem,
861 381 899 411 et
933 380 1070 419 cetera,
1101 372 1289 421 quoniam
1323 385 1555 410 commoror.

233 439 318 487 Ego
347 439 398 476 ad
429 446 466 475 te
498 435 661 489 [statim]
693 438 851 476 habebo
881 439 989 487 quod
1020 437 1186 474 scribam
1217 437 1333 474 simul
1363 443 1400 474 et
1424 436 1557 473 videro

233 503 459 541 Curionem.
522 503 583 540 De
612 502 760 540 Tirone
789 516 890 549 cura,
915 515 1076 552 quaeso,
1098 503 1205 551 quod
1236 501 1340 547 facis,
1368 509 1409 538 ut
1440 500 1556 538 sciam
1580 513 1597 545 5

232 567 328 617 quid
350 567 380 605 is
401 575 498 616 agat.

276 714 316 748 V
524 717 592 749 Ser.
613 718 647 748 in
668 717 821 748 Cumano
836 729 880 749 :vv
895 718 937 749 K.
959 717 1038 749 Mas.
1058 729 1087 749 α.
1110 728 1164 756 705
1185 717 1269 757 (49).

645 806 818 838 CICERO
841 806 1020 837 ATTICO
1043 806 1149 837 SAL.

199 897 215 924 1
290 887 351 923 De
372 893 453 923 tota
475 898 562 923 mea
582 884 819 935 cogitatione
844 884 977 934 scripsi
999 886 1049 922 ad
1072 892 1108 922 te
1129 892 1244 922 antea
1271 883 1373 930 satis,
1397 891 1439 921 ut
1466 882 1561 920 mihi

235 950 339 988 visus
360 963 458 997 sum,
481 949 696 1000 diligenter.
758 952 819 988 De
840 949 903 988 die
925 949 1021 987 nihil
1049 963 1141 987 sane
1169 957 1298 998 potest
1326 948 1441 986 scribi
1468 946 1561 986 certi
1586 963 1623 984 10

193 1027 217 1053 2
236 1023 386 1065 praeter
413 1016 499 1062 hoc,
524 1029 603 1053 non
631 1023 722 1053 ante
751 1017 885 1053 lunam
913 1028 1066 1053 novam.
1128 1014 1310 1053 Curionis
1340 1026 1468 1051 sermo
1498 1026 1564 1062 po-

235 1080 367 1118 stridie
402 1081 569 1118 eandem
605 1079 742 1118 habuit
781 1081 860 1118 fere
899 1093 1104 1125 summam,
1139 1079 1213 1117 nisi
1248 1080 1355 1129 quod
1394 1077 1563 1128 apertius

234 1145 463 1196 significavit
492 1159 533 1183 se
560 1147 698 1183 harum
727 1159 854 1184 rerum
882 1145 1027 1183 exitum
1056 1158 1138 1183 non
1162 1144 1305 1183 videre.

289 1211 410 1259 Quod
459 1209 555 1247 mihi
595 1211 759 1248 mandas
799 1211 848 1248 de
889 1209 1040 1258 Quinto
1088 1210 1270 1258 regendo,
1313 1208 1563 1259 ‘'Apxasst'av'.

235 1278 389 1314 'l'amen
427 1275 524 1312 nihil
563 1274 879 1325 praetermittam.
951 1277 1083 1324 Atque
1122 1274 1271 1312 utinam
1311 1282 1352 1313 tu
1389 1298 1453 1321 —,
1494 1274 1564 1312 sed
1588 1286 1624 1317 15

237 1340 438 1379 molestior
458 1354 539 1379 non
560 1354 636 1378 ero.
698 1340 917 1389 Epistulam
944 1341 995 1378 ad
1016 1339 1242 1378 Vestorium
1270 1340 1400 1378 statim
1428 1339 1562 1385 detuli,

195 1419 218 1456 3
237 1420 282 1444 ac
312 1407 425 1444 valde
454 1405 648 1454 requirere
678 1406 839 1443 solebat.
904 1405 1166 1444 Commodius
1197 1413 1327 1443 tecum
1357 1404 1565 1443 Vettienus

237 1479 295 1510 est
324 1473 478 1509 locutus
509 1484 627 1520 quam
657 1471 709 1508 ad
739 1484 802 1508 me
831 1469 1045 1520 scripserat.
1106 1471 1184 1508 Sed
1219 1470 1347 1508 mirari
1377 1470 1468 1508 satis
1499 1471 1566 1508 ho-

236 1536 352 1574 minis
373 1536 660 1586 neglegentiam
682 1549 762 1574 non
784 1549 898 1585 queo.
959 1537 1062 1575 Cum
1084 1536 1189 1574 enim
1212 1536 1308 1574 mihi
1330 1536 1565 1574 Philotimus

235 1602 395 1640 dixisset
416 1615 457 1639 se
475 1603 545 1639 HS
563 1605 586 1638 i
607 1615 736 1639 emere
753 1602 803 1640 de
820 1602 1014 1641 Canuleio
1030 1602 1296 1641 deversorium
1318 1602 1413 1640 illud
1435 1614 1561 1651 posse,
1586 1615 1625 1635 20

238 1667 397 1704 minoris
419 1666 536 1705 etiam
558 1674 781 1716 empturum
810 1667 840 1704 si
862 1667 1092 1705 Vettienum
1120 1681 1328 1717 rogassem,
1352 1666 1482 1716 rogavi
1509 1674 1562 1712 ut,

237 1732 267 1770 si
289 1732 384 1781 quid
406 1739 549 1781 posset,
573 1745 619 1770 ex
639 1745 685 1770 ea
706 1746 860 1770 summa
880 1734 1111 1771 detraheret.
1169 1732 1361 1771 Promisit.
1417 1733 1481 1770 Ad
1503 1745 1566 1768 me

238 1810 361 1847 nuper
382 1811 422 1835 se
444 1799 515 1835 HS
536 1809 625 1834 xxx
652 1797 793 1836 emisse
811 1813 818 1839 :
848 1806 889 1836 ut
920 1798 1129 1836 scriberem
1157 1798 1220 1836 cui
1240 1800 1381 1836 vellem
1410 1796 1566 1844 addici;

237 1863 342 1900 diem
390 1862 582 1912 pecuniae
623 1864 719 1901 Idus
760 1864 972 1902 Novembr.
1014 1878 1109 1902 esse.
1181 1863 1379 1913 Rescripsi
1417 1862 1453 1900 ei
1491 1870 1566 1900 sto-

238 1927 461 1966 machosius
488 1941 578 1965 eum
604 1928 692 1967 ioco
720 1936 852 1966 tamen
879 1928 1067 1966 familiari.
1128 1930 1245 1966 Nunc
1272 1927 1460 1978 quoniam
1487 1926 1565 1976 agit
1586 1938 1625 1969 25

284 2042 295 2060 1
324 2030 454 2070 Oppios
485 2031 580 2063 Vir-A:
619 2033 765 2071 optimos
793 2031 834 2061 M
929 2032 1101 2070 delegabis
1126 2033 1205 2062 coni.
1230 2031 1437 2071 [Vesenbmgt
1472 2030 1566 2061 dabis

237 2074 279 2104 M
364 2085 486 2104 vanum
503 2075 608 2106 Boot:
633 2086 735 2106 unum
753 2075 840 2105 codd.
857 2087 862 2105 :
889 2076 1015 2105 nullum
1032 2075 1134 2105 Pius:
1151 2076 1231 2115 fort.
1252 2075 1425 2105 minimum
1544 2084 1565 2113 3

236 2122 351 2148 cetera
369 2118 409 2147 M
423 2119 478 2158 (sc.
497 2119 608 2157 scribe)
627 2131 633 2149 :
658 2125 749 2150 recta
769 2119 868 2150 Orelli
953 2119 1129 2159 quoniam]
1151 2130 1215 2158 quo
1233 2119 1297 2148 iam
1317 2118 1418 2148 Orelli
1545 2129 1563 2156 4

236 2162 348 2192 statim
366 2172 404 2191 ex
414 2163 569 2202 proximo
586 2163 752 2201 inmpsr'sse
767 2161 847 2192 vidit
861 2161 982 2192 Sslrsis:
1129 2162 1226 2192 simul
1244 2167 1277 2192 et
1296 2162 1336 2191 M
1340 2161 1390 2198 ¹Z,
1411 2161 1447 2200 ss.
1464 2171 1495 2191 x.
1514 2162 1562 2191 16.

236 2218 267 2245 4,
284 2206 348 2236 xvi.
369 2216 379 2234 I
391 2216 415 2236 1.
430 2208 451 2235 6
467 2210 494 2236 et
510 2206 595 2236 Reid
608 2206 764 2236 cszcad.
782 2207 813 2236 ii.
829 2217 866 2244 51
886 2218 892 2236 ε
917 2205 1016 2236 simul
1035 2211 1068 2236 nt
1087 2206 1140 2235 M*
1154 2206 1251 2237 Rom.
1268 2205 1288 2234 I
1377 2215 1413 2243 14
1436 2204 1565 2243 Quinto

240 2248 339 2280 Visa:
372 2251 518 2289 quodam
542 2249 580 2278 M
716 2252 756 2280 16
779 2250 952 2279 molestior
973 2249 1068 2280 Vict.:
1108 2249 1293 2280 modestior
1318 2248 1404 2279 codd.
1508 2258 1566 2277 ero

238 2294 325 2333 vulg.
345 2306 351 2324 t
376 2304 437 2332 pro
456 2292 495 2322 M
604 2304 646 2323 20
669 2303 707 2323 se
726 2293 786 2323 HS
807 2293 926 2323 Orelli:
951 2303 1026 2323 esse
1045 2292 1085 2322 M
1205 2303 1244 2331 24
1269 2293 1301 2322 ei
1319 2291 1566 2322 stomachosius

240 2335 422 2410 Mmbszet
450 2337 636 2366 istomacho
663 2338 690 2366 si
717 2338 765 2366 vis
792 2337 825 2369 F.
846 2337 957 2375 elfere
985 2337 1070 2366 idem
1091 2335 1222 2366 0¹sz
1256 2341 1289 2366 et
1314 2336 1379 2365 isto
1404 2335 1515 2365 madio
1539 2335 1565 2364 si

240 2391 289 2410 Vis
347 2393 357 2398 -
383 2392 387 2397 ¹
