1742 2651
145 509 162 540 5

121 974 159 996 10

116 1297 152 1328 15

111 1624 152 1646 20

612 123 724 160 EPP.
757 124 834 160 AI)
864 125 1123 162 ATTICVM
1495 127 1542 164 X.
1560 125 1642 162 iiia

243 234 389 272 Caesar
409 233 504 271 mihi
526 233 692 284 ignoscit
713 248 781 284 per
807 234 952 272 litteras
972 237 1082 285 quod
1109 250 1190 274 non
1211 236 1396 283 venerim,
1420 250 1519 276 sese·
1536 246 1562 273 2

187 312 264 348 que
278 298 317 336 in
332 299 522 349 optimam
540 307 690 349 partem
707 299 746 337 id
762 299 940 348 accipere
955 299 1060 338 dicit.
1108 300 1238 339 Facile
1254 301 1390 351 patior,
1407 304 1516 352 quod

186 365 330 412 scribit,
360 379 493 404 secum
522 366 714 404 Titinium
744 374 782 404 et
809 366 986 404 Servium
1013 374 1174 416 questos
1201 381 1286 406 esse
1313 368 1405 418 quia
1434 382 1515 407 non

184 428 291 468 idem
321 429 395 468 sibi
425 431 533 480 quod
564 430 660 468 mihi
689 430 910 468 remisisset.
971 431 1169 470 Homines
1200 432 1408 471 ridiculos!
1448 433 1515 483 qui

183 508 275 533 curn
307 494 406 533 filios
439 495 635 533 misissent
669 497 720 534 ad
753 497 825 535 Cn.
859 496 1094 546 Pompeium
1129 496 1511 546 circumsedendum,

181 558 255 610 ipsi
286 559 326 597 in
359 567 538 598 senatum
569 560 700 598 venire
730 560 956 599 dubitarint.
1017 562 1095 599 Sed
1125 568 1258 600 tamen
1289 565 1512 614 exemplum

181 624 268 663 misi
293 626 345 664 ad
373 632 410 664 te
432 625 610 665 Caesaris
636 625 861 665 litterarum.

223 799 289 836 IV
459 803 529 835 Ser.
547 803 581 834 in
601 803 754 834 Cumano
769 803 842 834 xvii
853 803 895 834 K.
918 802 1001 836 Mai.
1022 815 1052 836 a.
1075 814 1131 845 705
1145 804 1234 846 (49).

594 879 770 910 CICERO
795 880 968 911 ATTICO
995 881 1090 913 SAL.

233 957 381 994 Multas
401 969 424 995 a
444 963 482 995 te
507 956 643 1007 accepi
670 956 856 1006 epistulas
884 958 1026 995 eodem
1055 957 1119 995 die
1147 957 1275 996 omnis
1304 958 1509 1009 diligenter
1527 973 1544 1001 1

176 1020 350 1070 scriptaS‚
373 1034 460 1059 eam
488 1035 579 1060 vero
606 1034 707 1071 quae
735 1021 945 1060 voluminis
976 1021 1096 1060 instar
1126 1030 1206 1061 erat
1237 1037 1353 1074 saepe
1383 1026 1510 1074 legen—

175 1086 279 1132 dam,
303 1085 417 1123 sicuti
447 1085 559 1124 facio.
621 1087 669 1122 In
696 1099 774 1135 qua
804 1099 884 1123 non
915 1087 1053 1124 frustra
1084 1088 1259 1126 laborem
1291 1089 1510 1139 suscepisti,

176 1149 272 1186 mihi
289 1149 451 1199 quidem
472 1158 694 1199 pergratum
715 1149 852 1188 fecisti.
906 1152 996 1199 Qua
1018 1165 1057 1189 re
1080 1160 1121 1189 ut
1143 1152 1193 1199 id,
1210 1154 1343 1202 quoad
1363 1154 1507 1201 licebit,

174 1213 215 1251 id
231 1221 290 1252 est
306 1215 439 1263 quoad
456 1215 554 1253 scies
571 1214 638 1252 ubi
661 1214 792 1261 simus,
811 1229 929 1265 quam
955 1216 1181 1266 saepissime
1204 1217 1321 1256 facias
1342 1226 1380 1256 te
1396 1220 1510 1258 vehe-

174 1286 326 1317 menter
346 1292 450 1329 rogo.
503 1282 562 1317 Ac
583 1280 816 1329 deplorandi
839 1280 1010 1330 quidem,
1034 1284 1142 1332 quod
1164 1283 1309 1321 cotidie
1329 1284 1505 1331 facimus,

172 1343 220 1382 sit
251 1343 327 1382 iam
364 1345 479 1382 nobis
513 1352 580 1382 aut
615 1345 702 1382 finis
738 1346 912 1391 omnino,
948 1347 977 1384 si
1014 1354 1154 1396 potest,
1187 1356 1254 1386 aut
1287 1350 1507 1389 moderatio

171 1410 378 1459 quaedam,
395 1411 504 1460 quod
521 1411 697 1460 profecto
714 1419 852 1460 potest.
903 1413 995 1450 Non
1018 1412 1123 1450 enim
1146 1413 1222 1450 iam
1244 1427 1362 1463 quam
1384 1415 1507 1466 digni-

170 1482 301 1521 tatem,
332 1490 432 1525 quos
462 1477 641 1521 honores,
673 1489 792 1525 quem
824 1477 926 1515 vitae
959 1485 1102 1515 statum
1133 1479 1330 1517 amiserim
1361 1480 1505 1530 cogito,

170 1542 240 1579 sed
272 1541 369 1591 quid
401 1549 637 1579 consecutus
668 1541 751 1587 sim,
784 1542 880 1591 quid
914 1542 1182 1592 praestiterim,
1212 1557 1289 1593 qua
1318 1544 1358 1582 in
1387 1546 1504 1585 laude

170 1606 341 1653 vixerim,
365 1607 425 1644 his
446 1607 618 1656 denique
640 1606 679 1644 in
702 1606 813 1644 malis
836 1606 932 1656 quid
961 1607 1110 1645 intersit
1138 1608 1237 1647 inter
1263 1623 1326 1648 me
1347 1618 1385 1648 et
1409 1610 1503 1650 istos

169 1686 269 1722 quos
290 1681 448 1723 propter
468 1673 602 1711 omnia
621 1673 833 1710 amisimus.
891 1673 947 1709 Hi
968 1680 1058 1710 sunt
1079 1673 1156 1722 qui,
1173 1673 1247 1711 nisi
1263 1687 1326 1713 me
1346 1675 1502 1715 civitate

168 1740 417 1789 expulissent,
435 1740 612 1778 obtinere
629 1754 670 1778 se
687 1754 767 1778 non
787 1748 1020 1790 putaverunt
1042 1753 1158 1790 posse
1178 1740 1375 1780 licentiam
1397 1743 1501 1793 cupi-

167 1805 334 1844 ditatum
365 1820 533 1844 suarum.
594 1809 775 1856 Quorum
805 1806 1002 1845 societatis
1031 1814 1068 1844 et
1099 1808 1308 1846 sceleratae
1337 1822 1499 1848 consen—

167 1870 287 1908 sionis
309 1873 406 1910 fides
428 1887 507 1922 quo
529 1873 696 1923 eruperit
713 1873 832 1911 vides.
886 1874 996 1910 Alter
1015 1873 1125 1910 ardet
1146 1873 1274 1911 furore
1295 1883 1332 1911 et
1353 1877 1497 1914 scelere
1516 1888 1540 1916 2

167 1949 240 1974 nec
260 1938 421 1976 remittit
442 1939 590 1988 aliquid
612 1941 681 1977 sed
703 1939 741 1977 in
763 1939 847 1978 dies
874 1938 1130 1989 ingravescit,
1161 1939 1282 1976 modo
1304 1939 1418 1978 Italia
1437 1955 1498 1979 ex-

166 2001 274 2050 pulit,
290 2017 396 2042 nunc
417 2004 491 2042 alia
508 2018 554 2042 ex
570 2012 677 2054 parte
694 2005 885 2055 persequi,
904 2019 950 2043 ex
967 2004 1041 2042 alia
1062 2003 1263 2054 provincia
1283 2005 1497 2055 exspoliare

165 2074 329 2105 conatur
360 2083 432 2106 nec
472 2069 549 2106 iam
580 2077 732 2107 recusat
762 2071 831 2108 sed
864 2071 1038 2120 quodam
1079 2070 1201 2107 modo
1235 2071 1406 2119 postulat
1440 2079 1492 2118 ut,

164 2144 282 2180 quern
303 2135 353 2171 ad
376 2135 540 2171 moduni
561 2142 630 2179 est,
653 2134 707 2172 sic
729 2135 844 2173 etiam
873 2137 1090 2185 appelletur
1115 2143 1310 2184 tyrannus.
1370 2137 1490 2183 Alter,
1512 2149 1536 2185 3

164 2196 196 2233 is
225 2197 292 2246 qui
325 2211 396 2235 nos
428 2197 500 2235 sibi
534 2200 735 2247 quondam
768 2200 819 2237 ad
851 2200 971 2248 pedes
1004 2208 1143 2237 stratos
1179 2215 1228 2239 ne
1262 2202 1493 2239 sublevabat

207 2313 226 2331 2
253 2303 362 2333 Facile
379 2303 498 2342 patior.
551 2302 649 2340 Quod
669 2328 673 2332 .
695 2328 700 2333 .
724 2327 730 2333 .
754 2304 971 2341 remississet,
990 2304 1147 2335 homines
1167 2306 1349 2336 Gronovius
1475 2315 1494 2343 3

162 2345 324 2376 Titinium
340 2346 430 2377 Koclz
447 2358 453 2376 :
478 2345 597 2376 tulium
617 2346 678 2375 M:
702 2346 835 2377 Tullum
853 2348 943 2387 vulg.
1055 2358 1074 2386 5
1102 2348 1406 2380 circumsidendum
1423 2354 1490 2381 velt.

162 2389 392 2462 {dubitarint
413 2389 618 2430 Wesenberg:
643 2394 757 2419 -arent
775 2390 815 2419 M
940 2400 981 2429 25
1003 2394 1076 2430 post
1092 2393 1220 2431 expulit
1236 2393 1310 2424 add.
1329 2404 1491 2432 generum

198 2443 292 2472 ayser

1339 2481 1403 2517 22*
