1742 2651
127 976 163 997 10

125 1625 164 1646 20

587 130 698 166 EPP.
731 130 808 166 AD
838 129 1098 167 ATTICVM
1383 130 1501 166 XIII.
1521 128 1614 165 xxii

179 239 296 287 illam,
321 255 370 279 ne
391 242 555 279 salutem
578 240 749 290 quidem.
810 242 861 277 At
883 247 923 277 tu
945 247 982 277 et
1010 239 1063 277 illi
1090 248 1128 278 et
1150 240 1270 278 Piliae
1291 240 1509 290 plurimam,

181 319 253 343 nec
275 319 337 343 me
362 313 492 343 tamen
520 304 632 343 irasci
658 304 850 343 indicaris.
913 303 1133 354 Epistulam
1155 304 1332 344 Caesaris
1360 304 1458 351 misi,
1481 305 1512 342 si

181 369 310 408 minus
330 370 497 420 legisses.

239 513 399 549 XXIII
445 517 514 549 Ser.
534 518 567 548 ιἰι
589 517 772 548 Tusculano
788 518 822 548 vi
835 517 884 548 Id.
906 518 1019 557 Quint.
1038 528 1067 549 a.
1090 527 1147 558 709
1167 517 1250 559 (45).

587 606 759 637 CICERO
788 606 970 636 ATTICO
1000 605 1104 637 SAL.

236 695 567 735 Antemeridianis
600 695 675 733 tuis
710 695 844 733 litteris
884 695 964 734 heri
1000 694 1129 732 statim
1162 694 1364 745 rescripsi3
1407 708 1513 733 nunc
1533 703 1550 731 Ι

181 762 402 812 respondeo
429 760 668 810 vespertinis.
729 763 871 798 Brutus
902 762 1059 798 mallem
1089 773 1152 798 me
1181 755 1402 798 arcesseret.
1464 763 1515 798 Et

181 826 344 876 aequius
372 833 462 871 erat,
486 838 576 863 cum
604 825 656 862 illi
684 825 754 863 iter
778 825 937 863 instaret
964 832 1003 863 et
1027 825 1201 863 subitum
1223 833 1260 863 et
1281 827 1454 875 longum,
1477 833 1514 864 et

183 905 245 929 me
275 892 433 929 hercule
463 904 579 936 nunc,
604 904 694 927 cum
726 890 778 927 ita
809 890 930 927 simus
960 889 1105 928 adfecti
1136 897 1178 927 ut
1208 903 1288 928 non
1319 890 1515 940 possimus

182 958 298 1006 plane
319 955 435 993 simul
456 954 583 993 vivere
605 955 812 1005 (intellegis
837 955 942 993 enim
974 956 1150 1004 profecto
1177 955 1217 992 in
1247 968 1326 1004 quo
1347 955 1515 993 maxime

182 1021 310 1072 posita
333 1021 381 1059 sit
408 1020 646 1071 συμβίωσις),
671 1020 782 1058 facile
808 1020 982 1070 patiebar
1007 1033 1078 1058 nos
1105 1020 1235 1070 potius
1258 1022 1410 1058 Romae
1438 1034 1516 1058 una

181 1101 266 1125 esse
287 1101 405 1137 quam
427 1087 467 1124 in
487 1088 724 1124 Tusculano.

238 1152 344 1191 Libri
364 1154 414 1191 ad
431 1155 648 1190 Varronem
671 1165 750 1189 non
772 1152 1035 1198 morabantur,
1054 1159 1144 1189 sunt
1165 1151 1269 1189 enim
1292 1152 1509 1198 ideffectst,
1532 1162 1557 1190 2

183 1226 225 1256 ut
245 1218 400 1265 vidisti3
429 1225 580 1256 tantum
603 1216 846 1255 librariorum
868 1218 1013 1255 menda
1034 1218 1231 1254 tolluntur.
1292 1219 1353 1255 De
1370 1217 1513 1267 quibus

183 1283 289 1322 libris
320 1283 394 1321 scis
425 1297 487 1321 me
518 1282 730 1329 dubitasse,
754 1283 823 1322 sed
854 1289 894 1319 tu
924 1281 1076 1320 videris.
1138 1283 1240 1320 Item
1265 1295 1363 1332 quos
1392 1284 1514 1321 Bruto

183 1349 373 1387 mittimus
394 1349 433 1386 in
455 1348 636 1386 manibus
658 1348 804 1385 habent
824 1346 977 1384 librarii.

238 1417 331 1453 Mea
365 1416 561 1461 mandata,
593 1421 634 1451 ut
671 1412 817 1459 scribis,
851 1411 1011 1462 explica.
1072 1413 1325 1462 Quamquam
1358 1412 1431 1451 ista
1460 1427 1513 1451 re-
1533 1426 1557 1464 3

183 1481 359 1519 tentione
395 1481 524 1519 omnis
563 1480 615 1518 ait
651 1479 706 1518 uti
746 1477 980 1525 Trebatius3
1023 1478 1119 1528 quid
1158 1486 1198 1516 tu
1237 1478 1331 1516 istos
1371 1480 1514 1528 putas?

184 1546 299 1584 Nosti
321 1547 496 1585 domum.
559 1547 650 1594 Qua
681 1558 720 1582 re
751 1544 903 1582 confice
933 1544 1134 1595 εὐαγώγως.
1194 1542 1431 1581 Incredibile
1456 1550 1514 1581 est

183 1626 302 1662 quam
324 1626 396 1661 ego
417 1612 489 1649 ista
510 1625 590 1649 non
612 1624 754 1648 curem.
798 1608 920 1648 Omni
937 1609 1007 1646 tibi
1023 1608 1319 1647 adseveratione
1335 1609 1511 1654 adfirmo,

183 1679 291 1726 quod
320 1677 415 1715 mihi
442 1679 578 1716 credas
607 1677 733 1723 velim,
757 1675 853 1713 mihi
885 1674 1021 1713 maiori
1049 1673 1257 1712 offensioni
1284 1686 1369 1711 esse
1395 1687 1515 1723 quam

182 1743 435 1782 delectationi
465 1743 799 1794 possessiunculas
832 1754 948 1779 meas.
1012 1739 1139 1790 Magis
1169 1739 1274 1777 enim
1305 1739 1422 1777 doleo
1452 1752 1516 1776 me

183 1820 263 1845 non
302 1809 447 1846 habere
487 1808 581 1858 quoi
622 1809 771 1846 tradam
812 1820 931 1856 quam
972 1805 1116 1843 habere
1155 1804 1222 1853 qui
1261 1811 1346 1842 utar
1382 1805 1512 1841 laetor.

183 1874 315 1922 Atque
350 1873 445 1912 illud
476 1873 684 1912 Trebatius
717 1886 758 1910 se
789 1871 858 1910 tibi
892 1871 1035 1909 dixisse
1067 1869 1271 1916 narrabat3
1312 1875 1353 1906 tu
1382 1876 1514 1906 autem

183 1938 325 1976 veritus
347 1953 387 1977 es
409 1941 570 1977 fortasse
591 1952 641 1976 ne
662 1951 734 1987 ego
760 1937 903 1975 invitus
932 1935 1119 1974 audirem.
1182 1933 1271 1972 Fuit
1291 1933 1331 1972 id
1352 1933 1514 1984 quidem

183 2003 446 2050 humanitatis,
475 2005 555 2050 sed,
586 2002 681 2041 mihi
711 2004 837 2048 crede,
868 2001 944 2039 iam
977 2001 1048 2039 ista
1079 2013 1159 2038 non
1189 2013 1294 2037 curo.
1355 2001 1446 2048 Qua
1475 2013 1515 2037 re

227 2118 244 2147 7
269 2112 342 2138 ante
360 2113 393 2138 et
410 2107 485 2138 add.
508 2118 585 2138 nam
604 2111 671 2138 velt.
769 2117 806 2137 10
832 2107 864 2136 in
891 2117 919 2136 v.
938 2117 960 2135 c.
979 2105 1007 2134 L
1029 2104 1169 2144 rmarg),
1194 2103 1293 2133 ORP
1310 2102 1396 2133 Crat.
1415 2113 1422 2132 :
1445 2113 1510 2133 om.

182 2151 225 2181 M
348 2162 384 2190 13
410 2152 626 2181 morabuntur
647 2150 815 2180 Turnebus
906 2149 1040 2180 deffecti
1058 2146 1113 2177 ΜῙ
1131 2159 1137 2177 :
1165 2147 1274 2177 effecti
1292 2147 1312 2176 I
1325 2147 1410 2186 vulg.
1428 2158 1435 2176 t
1460 2147 1515 2176 de-

182 2195 267 2225 texti
280 2196 359 2226 coni.
374 2195 511 2225 Lauda:
533 2195 693 2225 defaecati
709 2193 843 2232 Mooncy
855 2193 921 2224 coll.
932 2192 1045 2223 Sidon.
1060 2192 1140 2231 Epp.
1156 2191 1176 2221 i.
1196 2201 1220 2221 1.
1235 2202 1253 2229 4
1271 2191 1370 2230 :som
1382 2190 1511 2227 resecti,

181 2238 218 2276 cf
239 2239 304 2270 xvi.
319 2249 349 2277 3.
367 2249 379 2269 1
500 2249 538 2277 19
564 2239 736 2268 dominum
755 2237 938 2276 Reid‚f02†.
959 2240 1033 2266 recte
1125 2234 1200 2273 Qua
1218 2245 1254 2264 re
1272 2234 1389 2264 Lanzb.
1407 2245 1414 2263 :
1439 2233 1514 2272 Qua

183 2281 225 2310 M
345 2282 514 2322 εὐαγώγοις
545 2281 687 2311 Rosius:
723 2283 882 2311 E‘rArnc
909 2279 1022 2310 codd.:
1058 2278 1199 2311 εὐλαβῶς
1221 2288 1250 2308 v.
1271 2289 1294 2308 c.
1313 2277 1342 2306 L
1371 2278 1512 2317 (magn)

182 2335 224 2363 23
247 2328 321 2356 ante
333 2326 473 2356 alterum
491 2325 616 2356 habere
634 2323 708 2355 add.
723 2325 856 2362 gaudeo
873 2321 1065 2361 Groizovius,
1079 2321 1153 2353 add.
1169 2332 1236 2352 non
1249 2320 1420 2352 Sclmzidt:
1445 2330 1513 2360 quo

183 2378 251 2399 non
269 2374 343 2399 utar
360 2369 444 2399 Reid
543 2369 650 2399 laetor
667 2367 742 2400 add.
760 2367 881 2399 Lamh.

224 2444 287 2466 ClC.
307 2445 354 2466 AD
370 2445 442 2466 ATT.
1385 2431 1425 2462 30
