1742 2651
94 78 181 114 XV.

170 405 187 431 1

165 1110 190 1137 2

205 76 316 112 xxix
582 75 638 112 M.
670 74 838 111 TVLLI
871 72 1177 112 CICERONIS

249 203 405 240 XXIX
451 207 519 239 Scr.
537 207 571 238 in
587 207 768 238 Formiano
779 206 867 248 prid.
881 206 966 237 Non.
988 205 1102 246 Quint.
1122 217 1152 238 α.
1171 216 1228 246 710
1245 206 1339 249 (44).

623 296 795 328 CICERO
817 296 998 327 ATTICO
1021 295 1128 327 SAL.

262 387 371 426 Bruti
400 388 451 425 ad
482 394 519 424 te
548 385 756 436 epistulam
787 385 884 423 misi.
946 385 998 423 Di
1027 385 1133 432 boni,
1157 393 1304 436 quanta
1327 386 1542 437 ἀμηχανίαὶ

207 454 435 503 Cognosces
470 465 561 490 cum
599 451 748 501 legeris.
810 453 872 489 De
910 450 1175 489 celebratione
1212 452 1396 489 ludorum
1430 449 1542 488 Bruti

206 518 277 556 tibi
305 517 515 556 adsentior.
575 517 640 554 Ad
673 518 728 554 M.
761 516 919 554 Aelium
949 517 1079 553 nullus
1114 524 1155 554 tu
1185 515 1346 566 quidem
1376 517 1541 554 domum
1562 531 1580 563 5

206 584 276 621 sed
314 582 440 620 sicubi
479 580 668 619 inciderit.
744 582 806 618 De
837 580 1022 618 Tulliano
1057 580 1218 619 semisse
1253 582 1308 618 M.
1343 580 1542 619 Axianum

205 647 424 694 adhibebis,
461 654 503 684 ut
535 645 681 683 scribis.
754 646 875 693 Quod
910 658 1000 683 cum
1032 646 1191 684 Cosano
1225 645 1346 695 egisti,
1379 645 1539 695 optime.

206 713 327 762 Quod
363 725 443 749 non
483 711 611 749 solum
646 723 733 748 mea
765 723 899 748 verum
940 710 1057 748 etiam
1093 718 1160 748 tua
1200 724 1240 747 re
1274 723 1337 748 me
1369 710 1540 760 expedis,

204 785 366 826 gratum.
429 775 686 825 Legationem
720 774 876 825 probari
916 788 1045 812 meam
1079 776 1244 824 gaudeo.
1305 776 1426 823 Quod
1458 788 1543 825 pro-

205 842 326 880 mittis
355 841 395 880 di
424 840 572 878 faxint!
631 840 740 888 Quid
770 840 876 878 enim
911 839 1007 877 mihi
1039 839 1136 878 meis
1166 839 1408 878 iucundius?
1464 840 1542 878 Sed

206 907 319 945 istam
351 919 469 956 quam
505 913 547 943 tu
587 905 732 954 excipis
771 912 916 942 metuo.
978 906 1143 942 Brutum
1182 918 1274 942 cum
1308 917 1541 950 convenero,

205 971 444 1023 perscribam
493 970 635 1008 omnia.
711 971 772 1007 De
812 971 960 1007 Planco
998 977 1036 1007 et
1077 969 1245 1006 Decimo
1283 982 1377 1006 sane
1414 968 1540 1006 velim.

207 1040 368 1076 Sextum
408 1044 562 1074 scutum
601 1035 756 1073 abicere
795 1035 992 1072 nolebam.
1068 1035 1130 1071 De
1170 1034 1338 1079 Mundo,
1379 1033 1410 1070 si
1449 1032 1544 1081 quid

208 1103 316 1140 scies.
378 1100 576 1150 Rescripsi
605 1101 657 1138 ad
686 1099 820 1138 omnia
849 1107 915 1137 tua
930 1114 940 1146 3
978 1112 1084 1136 nunc
1114 1106 1247 1136 nostra
1275 1097 1420 1147 accipe.

263 1166 436 1215 Quintus
467 1165 568 1203 filius
598 1178 723 1214 usque
755 1165 941 1202 Puteolos
973 1163 1110 1214 (mirus
1141 1163 1246 1210 civis,
1278 1171 1320 1201 ut
1352 1170 1393 1200 tu
1426 1163 1544 1200 Favo-

209 1233 319 1271 nium
344 1232 578 1274 †Asinium†
605 1230 730 1281 dicas)
759 1239 796 1268 et
826 1230 988 1280 quidem
1020 1231 1119 1268 duas
1149 1231 1201 1268 ob
1232 1243 1379 1275 causas,
1409 1232 1471 1269 †et
1503 1236 1545 1266 ut

210 1312 366 1336 mecum
397 1306 434 1336 et
464 1305 505 1335 ut
536 1297 769 1335 σπείσασθαι
796 1297 901 1335 vult†
929 1308 1020 1333 cum
1049 1297 1171 1333 Bruto
1194 1301 1232 1333 et
1258 1294 1406 1334 Cassio.
1467 1294 1546 1332 Sed

208 1371 251 1402 tu
276 1364 372 1413 quid
392 1363 480 1400 ais?
538 1362 627 1401 Scio
648 1362 754 1400 enim
775 1369 813 1400 te
837 1361 1066 1399 familiarem
1095 1374 1180 1399 esse
1201 1361 1418 1399 Othonum.
1479 1359 1546 1397 Ait

209 1429 273 1466 hic
313 1428 386 1466 sibi
423 1428 564 1465 Iuliam
600 1429 723 1474 ferre3
766 1426 1024 1464 constitutum
1057 1425 1162 1463 enim
1202 1439 1287 1464 esse
1320 1424 1542 1464 discidium.

211 1493 415 1543 Quaesivit
446 1508 491 1531 ex
521 1507 584 1530 me
613 1500 722 1543 pater
750 1492 876 1542 qualis
906 1499 1007 1529 esset
1036 1493 1149 1529 fama.
1211 1491 1302 1529 Dixi
1329 1490 1425 1528 nihil
1453 1504 1546 1528 sane
1569 1503 1582 1523 2

212 1573 276 1597 me
302 1559 459 1597 audisse
483 1557 726 1608 (nesciebam
758 1556 863 1594 enim
893 1570 961 1594 cur
985 1555 1204 1605 quaereret)
1230 1555 1304 1593 nisi
1333 1557 1384 1593 de
1413 1568 1479 1592 ore
1509 1562 1546 1592 et

212 1633 331 1675 patre.
388 1625 488 1662 ‘Sed
509 1636 674 1673 quorsus
690 1624 727 1659 ?’
749 1622 921 1671 inquam.
981 1624 1033 1658 At
1055 1621 1118 1658 ille
1138 1620 1262 1658 filium
1282 1621 1391 1658 velle.
1441 1621 1547 1656 Tum

211 1704 295 1740 ego,
328 1690 400 1728 etsi
430 1689 716 1738 ἐβδελυττόμην,
748 1695 881 1725 tamen
915 1686 1052 1736 negavi
1082 1685 1301 1736 probabilia
1331 1699 1416 1723 esse
1445 1698 1544 1722 vera.

212 1756 358 1796 Σκοπὸς
396 1756 488 1803 (hoc
526 1762 584 1792 est
626 1752 750 1804 enim)
788 1752 880 1790 huic
925 1760 1059 1790 nostro
1104 1750 1201 1789 nihil
1246 1751 1442 1800 praebere,
1484 1749 1548 1787 illa

211 1830 344 1861 autem
372 1823 412 1859 οὗ
441 1822 541 1870 παρὰ
568 1822 686 1858 τοῦτο.
747 1820 832 1868 Ego
856 1825 989 1855 tamen
1013 1816 1190 1867 suspicor
1218 1817 1334 1862 hunc,
1364 1823 1406 1853 ut
1435 1816 1547 1862 solet,
1590 1826 1605 1857 ;

256 1937 275 1966 5
301 1927 410 1957 nullus
427 1926 513 1965 vulg.
530 1937 536 1955 :
564 1925 661 1955 nulus
679 1924 735 1956 M:
764 1934 806 1954 ne
828 1923 906 1953 ieris
923 1921 1075 1953 Schmidt
1207 1931 1224 1959 7
1249 1920 1385 1950 Cosano
1402 1918 1525 1949 schin:
1541 1931 1547 1949 :

213 1971 361 2002 Coziano
379 1969 438 2000 M:
463 1969 612 1999 Cosiano
635 1969 724 2008 vulg.
884 1968 904 1997 8
929 1977 964 1996 re
989 1964 1127 1996 addend.
1146 1968 1245 1995 censet
1261 1964 1351 1994 Koclz
1509 1972 1547 2000 13

214 2015 368 2045 nolebam
387 2007 458 2043 CZb
474 2024 501 2043 v.
515 2024 538 2043 c.
556 2025 562 2044 :
599 2023 664 2042 om.
687 2016 741 2042 ΣΔ
858 2020 895 2047 14
922 2014 978 2039 tua
994 2003 1068 2039 FZb
1086 2019 1114 2039 v.
1129 2019 1150 2039 c.
1170 2007 1198 2037 L
1218 2008 1383 2047 (711mg.):
1409 2016 1476 2036 om.
1497 2005 1545 2036 M.

213 2058 334 2088 Fusius
347 2057 383 2087 de
395 2058 454 2087 lzoc
468 2056 606 2097 capitulo
619 2055 769 2086 disseruit
785 2054 907 2083 Gurlitt
922 2053 955 2083 in
973 2060 980 2070 ⁴
992 2052 1186 2091 Philologus
1197 2050 1204 2063 '
1217 2050 1335 2090 (1900)
1348 2060 1402 2089 pp.
1416 2051 1547 2088 90—106

216 2112 254 2141 15
280 2101 462 2132 Favonium
480 2100 591 2140 vulga
614 2100 683 2129 —ius
700 2097 757 2127 M:
784 2098 809 2127 -i
828 2096 914 2126 Reid
1054 2098 1092 2125 16
1116 2094 1290 2134 Asinium]
1318 2094 1461 2124 alterum
1486 2092 1546 2122 Er-

214 2145 314 2176 nesti:
347 2146 480 2175 simiurn
498 2142 584 2173 Reid
693 2147 726 2172 et
744 2147 779 2171 ut
796 2151 926 2170 mecum
944 2144 977 2170 et
995 2139 1181 2170 σπείσασθαι
1199 2138 1270 2167 vult
1288 2147 1362 2167 cum
1385 2140 1453 2167 vett.
1473 2147 1480 2166 ε
1513 2140 1547 2165 et

214 2199 345 2218 mecum
362 2187 552 2219 σπείσασθαι
572 2186 642 2216 vult
661 2192 694 2216 et
711 2196 786 2216 curn
804 2183 925 2213 Lamh.
1069 2193 1104 2222 17
1131 2188 1164 2212 et
1187 2180 1262 2212 add.
1282 2181 1370 2219 vulg.
1508 2188 1547 2218 19

216 2232 352 2273 Iuliam]
377 2231 511 2262 Tutiam
537 2229 673 2270 quidam
690 2235 742 2269 ap.
760 2227 880 2258 Lamb.
974 2237 1050 2257 esse
1074 2224 1249 2256 discidium
1266 2234 1296 2254 v.
1313 2234 1337 2254 c.
1354 2222 1382 2252 L
1404 2223 1545 2263 (marg.)

215 2276 333 2306 Μιτη.;
358 2285 453 2305 esses
476 2274 536 2304 sed
561 2273 733 2303 excidium
754 2271 792 2300 M
925 2279 961 2300 21
981 2275 1015 2300 et
1034 2269 1146 2309 patre]
1166 2267 1255 2307 putri
1270 2266 1394 2297 Scln'itz
1504 2275 1546 2304 23

216 2319 400 2359 probabilia
415 2318 517 2348 Ellis:
550 2316 729 2356 pubabulla
751 2313 811 2344 M:
842 2318 963 2353 putare
985 2324 1037 2343 me
1053 2313 1108 2342 illa
1124 2306 1168 2341 Zb
1185 2310 1326 2340 ilffziller:
1361 2309 1472 2349 putari
1490 2309 1546 2339 illa

218 2363 339 2393 Gurlz'tt
485 2371 525 2399 24
552 2361 632 2397 (hoc
650 2365 701 2390 est
719 2359 823 2392 enim)
847 2358 881 2387 in
902 2356 1089 2397 parenthesi
1109 2355 1193 2385 Boot
1209 2367 1215 2385 :
1248 2354 1316 2384 secl.
1335 2354 1399 2383 hoc
1415 2351 1544 2390 Miiller,

218 2406 339 2437 Gur-litt
442 2414 483 2444 25
500 2403 597 2434 τοῦτο
615 2402 656 2432 Μ
674 2401 878 2441 lVesenberg:
896 2401 1010 2431 τοῦτον
1021 2398 1108 2430 codd.
1122 2398 1221 2429 Bosi:
1247 2396 1349 2436 τούτῳ
1363 2396 1547 2427 Gronovius

1565 854 1605 876 10

1571 1177 1605 1208 15
