1742 2651
555 104 666 140 EPP.
700 103 776 140 AD
807 104 1065 142 ATTICVM
1291 105 1401 141 XVI.
1425 103 1502 140 xiii
1521 114 1550 140 a
1572 102 1633 153 (b)

190 230 307 266 XIII
323 245 343 265 a
361 234 413 275 (b)
461 233 530 265 Ser.
549 235 581 264 ιἰι
595 234 805 274 „-117›1·11atiii1'
818 234 866 265 Id.
882 235 963 266 Nov.
984 244 1015 266 a.
1035 243 1095 275 710
1115 235 1200 276 (44).

554 322 724 352 CJCERO
754 322 935 353 ATTICO
962 322 1025 353 SA
1034 322 1070 353 L.

205 411 221 429 *
256 410 273 429 *
308 410 325 429 ss
358 419 395 449 ct
425 411 597 460 quidem,
622 419 663 449 ut
691 426 713 449 a
742 426 804 450 me
831 411 1068 450 dimitterem
1099 412 1353 450 invitissimus
1383 414 1480 450 sece-
1500 423 1517 450 1

147 483 234 513 runt
269 476 397 514 Erotis
436 475 595 514 litterae.
658 479 758 514 Rcm
800 477 868 514 tibi
908 476 1003 515 Tiro
1042 477 1222 515 narrabit.
1282 479 1344 515 Tu
1384 477 1480 527 quid

109 540 370 578 §faciendum
406 541 453 578 sit
488 541 649 579 videbis.
712 544 915 580 Praeterea
948 542 1149 592 possimne
1180 543 1340 592 propius
1373 557 1482 581 acce-

90 882 127 902 10

146 606 239 643 dere
269 606 391 655 (malo
420 606 525 644 enirn
554 620 639 644 esse
670 606 708 644 in
739 608 967 645 Tusculano
995 615 1063 645 aut
1093 607 1245 657 uspiam
1276 607 1315 645 in
1346 608 1481 646 subur-

148 670 269 721 bano)
302 685 352 708 an
383 671 498 709 etiam
531 672 684 721 longius
714 672 1000 710 discedendum
1028 680 1142 722 putes
1171 673 1309 711 crebro
1337 674 1387 711 ad
1416 687 1479 712 me

146 735 261 773 velim
280 735 435 774 scribas.
497 736 579 774 Erit
599 745 731 774 autem
752 736 897 774 cotidie
918 736 981 774 cui
1001 738 1082 775 des.
1142 739 1263 786 Quod
1281 745 1479 787 praeterea
1497 748 1521 774 2

147 800 329 846 consulis,
364 800 460 850 quid
495 801 564 838 tibi
604 814 786 839 censeam
826 801 1055 839 faciundum
1095 801 1252 840 difficile
1291 809 1348 840 est
1386 816 1477 840 cum

146 865 283 903 absim.
344 867 491 904 Verum
514 874 644 904 tamen
667 866 696 904 si
719 880 829 916 pares
849 881 975 916 aeque
992 866 1090 904 inter
1111 881 1163 914 se,
1179 867 1476 916 quiescendum,

146 930 218 975 sin,
241 930 354 968 latius
377 930 551 969 manabit
571 939 609 969 et
630 930 791 981 quidem
811 932 862 969 ad
883 945 982 979 nos3
1009 931 1156 970 deinde
1176 932 1450 971 communiter.

189 1079 306 1113 XIII
324 1085 346 1112 b
366 1081 417 1122 (c)
460 1080 532 1114 Ser.
552 1083 584 1112 sn
601 1082 760 1123 Arpinati
775 1083 810 1113 1'1'1'
823 1083 871 1114 Id.
890 1083 972 1114 Nov.
993 1094 1023 1114 a.
1045 1093 1102 1122 710
1121 1083 1207 1125 (44).

558 1171 732 1203 CICERO
764 1171 936 1203 ATTICO
969 1172 1066 1203 SAL.

200 1259 328 1298 ixx-ide
356 1267 466 1297 tuum
493 1259 701 1298 consilium
731 1268 926 1311 exspecto.
986 1261 1128 1300 Timeo
1157 1276 1207 1300 ne
1233 1262 1358 1301 absim
1386 1277 1477 1301 cum
1500 1275 1515 1301 1

145 1325 284 1362 adesse
318 1338 382 1362 me
416 1324 464 1362 sit
495 1325 725 1372 honestiu83
764 1333 910 1364 temere
939 1327 1070 1365 venire
1101 1341 1182 1365 non
1215 1329 1355 1366 audeo.
1416 1331 1479 1368 De

145 1391 294 1429 Antoni
325 1391 527 1429 itineribus
558 1391 691 1430 nescio
723 1391 819 1442 quid
850 1392 960 1430 aliter
993 1393 1112 1431 audio
1141 1401 1259 1443 atque
1288 1401 1331 1431 ut
1359 1395 1410 1433 ad
1440 1402 1478 1434 te

145 1456 374 1494 scribebam.
436 1456 583 1495 Omnia
614 1456 729 1507 igitur
761 1457 877 1495 velim
913 1457 1082 1508 explices
1120 1466 1158 1496 et
1188 1460 1239 1496 ad
1274 1472 1338 1497 me
1371 1467 1478 1498 certa

144 1521 284 1559 mittas.

200 1588 260 1624 De
287 1586 438 1636 reliquo
458 1586 554 1636 quid
575 1586 646 1625 tibi
673 1600 745 1637 ego
769 1587 932 1626 dicam?
973 1589 1107 1627 Ardeo
1133 1589 1264 1627 studio
1291 1589 1475 1629 historiae
1494 1602 1520 1629 2

86 1671 98 1691 2
145 1652 441 1703 (incredibiliter
481 1652 587 1691 enim
627 1667 689 1691 me
728 1661 953 1692 commovet
995 1662 1061 1692 tua
1099 1654 1336 1706 cohortatio)
1375 1669 1477 1705 quae

143 1717 304 1767 quidem
332 1731 405 1755 nec
433 1717 581 1755 institui
609 1732 682 1756 nec
710 1717 809 1756 effici
836 1726 965 1768 potest
989 1718 1072 1757 sine
1096 1727 1162 1757 tua
1186 1733 1271 1769 ope.
1331 1721 1476 1759 Coram

142 1782 256 1831 igitur
288 1783 363 1820 hoc
395 1782 556 1831 quidem
589 1784 845 1820 conferemus.
912 1785 958 1820 In
989 1784 1208 1833 praesentia
1237 1783 1333 1822 mihi
1359 1785 1476 1823 velim

142 1847 288 1886 scribas
325 1847 468 1897 quibus
508 1847 736 1886 consulibus
777 1849 820 1887 C.
856 1848 1028 1886 Fannius
1062 1851 1115 1886 M.
1148 1850 1171 1886 f.
1205 1849 1383 1887 tribunus
1421 1851 1472 1900 pl.

143 1912 267 1951 fuerit.
328 1912 477 1951 Videor
523 1912 618 1950 mihi
666 1912 822 1951 audisse
874 1915 914 1950 P.
955 1913 1142 1951 Africano
1189 1915 1232 1951 L.
1276 1915 1475 1953 Mummio

86 1995 99 2008 ν
144 1978 383 2016 censoribus
445 1979 492 2016 Id
519 1977 633 2027 igitur
656 1992 811 2027 quaero.
871 1979 934 2015 Tu
962 1977 1057 2015 mihi
1081 1980 1131 2016 de
1158 1978 1203 2016 iis
1229 1979 1345 2017 rebus
1371 1993 1474 2029 quae

143 2051 338 2082 novantur
358 2043 492 2082 onmia
512 2051 624 2090 certa,
649 2045 761 2082 clara.
822 2056 866 2081 111
891 2045 987 2082 Idus
1008 2057 1054 2082 ex
1074 2043 1264 2094 Arpinati.

189 2159 202 2177 1
229 2148 303 2178 ln'nc
325 2159 445 2178 novam
469 2153 513 2188 ep.
534 2148 643 2187 incipit
662 2147 815 2178 Tnnstall
931 2159 949 2186 3
975 2148 1051 2177 lmec
1071 2147 1120 2178 vel
1134 2147 1254 2177 similia
1270 2147 1389 2178 addere
1403 2149 1475 2178 vult

142 2190 274 2230 Schritz,
297 2191 442 2222 Tantum
464 2192 554 2230 quod
581 2192 612 2221 in
637 2191 787 2229 Arpinas
810 2202 968 2222 veneram
994 2192 1109 2222 Tironi
1132 2191 1193 2221 has
1215 2192 1258 2221 ad
1283 2196 1317 2221 te
1340 2191 1473 2222 litteras

142 2235 244 2264 dedi:
279 2235 327 2265 nil
355 2235 421 2265 nisi
443 2235 603 2265 Tironem
629 2234 705 2265 add.
734 2234 901 2265 Corradus
926 2235 984 2265 del.
1004 2241 1046 2273 et,
1070 2245 1146 2265 cum
1165 2235 1245 2273 fieri
1258 2235 1363 2274 possit
1385 2238 1472 2265 utet

142 2282 330 2318 corruptum
346 2279 388 2308 sit
403 2289 442 2308 cx
452 2278 488 2308 T.
508 2277 735 2318 (saTironeml
830 2289 868 2308 12
891 2279 968 2308 hinc
983 2289 1105 2308 novam
1122 2282 1166 2317 es).
1189 2278 1346 2317 inctpiunt
1358 2277 1473 2308 codices

141 2321 264 2352 Bosz‘et
280 2322 308 2352 C
469 2331 506 2359 15
532 2326 658 2352 temere
676 2316 748 2353 th:
776 2322 895 2352 timere
919 2321 995 2352 M¹:
1021 2321 1081 2353 del.
1103 2320 1158 2351 ΜΨ·
1327 2331 1366 2360 23
1391 2332 1470 2351 con-

141 2365 284 2405 sulibus]
303 2376 370 2396 cos.
390 2364 453 2395 M:
479 2365 677 2396 censoribus
696 2365 862 2396 Corradus
878 2364 906 2394 L
926 2366 1067 2406 vararg.)
1209 2374 1249 2404 25
1273 2364 1470 2396 censoribus

141 2419 170 2439 v.
186 2420 208 2439 c.
228 2404 284 2439 Ζω
301 2409 388 2440 Crat.
403 2420 410 2441 ε
435 2420 500 2440 om.
522 2412 576 2440 ΣΔ
