1742 2651
118 100 227 137 XVI.
247 110 309 137 XV
642 102 697 138 M.
730 102 897 138 TVLLI
929 102 1235 141 CICERONIS

268 213 543 262 ‘Quamquam
579 211 685 250 enim
715 215 910 262 †postea†
942 212 981 250 in
1015 213 1233 262 praesentia
1267 214 1368 253 belle
1399 214 1471 254 iste
1502 228 1599 266 puer

264 277 437 315 retundit
475 277 711 325 Antonium,
750 285 882 315 tamen
926 277 1072 315 exitum
1116 286 1339 329 exspectare
1382 281 1599 319 debemus.’

264 342 316 379 At
337 355 438 391 quae
458 342 592 380 contio
610 345 616 379 1
647 356 738 379 nam
760 349 818 379 est
839 341 957 379 missa
977 342 1086 379 mihi.
1136 344 1242 380 Iurat
1262 343 1315 381 ita
1335 343 1409 381 sibi
1428 345 1599 394 parentis

264 407 433 444 honores
450 405 640 455 consequi
661 405 776 444 liceat
795 413 833 444 et
847 405 962 443 simul
979 407 1154 444 dextram
1171 407 1339 446 intendit
1351 409 1402 446 ad
1419 416 1599 448 statuam.

264 471 371 519 Μηδὲ
399 471 558 520 σωθείην
586 472 659 508 ὑπό
683 488 727 523 γε
754 471 943 509 τοιούτουῐ
989 472 1081 518 Sed,
1102 479 1144 509 ut
1171 472 1316 517 scribis,
1340 472 1599 511 certissimum
1621 488 1637 519 5

262 549 348 574 esse
386 534 502 574 video
540 535 752 574 discrimen
793 537 942 575 Cascae
981 536 1102 574 nostri
1142 536 1394 583 tribunatum,
1431 539 1482 576 de
1519 553 1600 588 quo

263 599 425 649 quidem
446 600 532 650 ipso
553 600 632 638 dixi
650 600 795 650 Oppio,
811 614 902 638 cum
925 614 987 638 me
1007 602 1225 639 hortaretur
1241 609 1283 638 ut
1303 603 1599 641 adulescentem

263 671 467 715 totamque
487 679 646 703 causam
668 679 911 714 manumque
932 673 1204 704 veteranorum
1225 669 1517 716 complecterer,
1537 682 1599 707 me

263 731 373 768 nullo
399 731 521 768 modo
543 731 669 768 facere
690 744 816 780 posse,
841 731 886 767 ni
903 730 999 767 mihi
1019 732 1262 780 exploratum
1284 739 1385 769 esset
1406 746 1496 770 eum
1518 747 1598 771 non

263 796 384 833 modo
418 809 499 834 non
534 795 739 833 inimicum
774 796 1069 845 tyrannoctonis
1100 810 1235 834 verum
1274 797 1391 835 etiam
1425 798 1597 836 amicum
1620 810 1660 831 10

241 862 354 906 1016.
412 862 516 900 Cum
552 860 615 899 ille
649 860 797 899 diceret
832 860 884 898 ita
918 863 1103 908 futurum,
1132 861 1263 910 ‘Quid
1298 862 1412 911 igitur
1445 863 1599 901 festina-

262 927 400 964 mus?⁷
430 926 604 975 inquam.
665 925 749 964 ‘Illi
775 926 881 964 enim
910 940 996 964 mea
1024 941 1143 976 opera
1168 934 1259 965 ante
1282 929 1369 965 Kal.
1395 929 1477 965 Ian.
1501 928 1599 966 nihil

262 1004 362 1040 opus
393 998 462 1037 est,
489 1005 561 1029 nos
595 999 727 1029 autem
760 991 844 1029 eius
872 993 1117 1030 voluntatem
1147 1000 1239 1029 ante
1264 993 1360 1030 Idus
1388 994 1597 1031 Decembr.

263 1055 544 1106 perspiciemus
570 1056 610 1094 in
633 1058 782 1095 Casca.'
839 1057 967 1094 Valde
996 1056 1093 1094 mihi
1118 1058 1309 1096 adsensus
1338 1065 1406 1095 est.
1467 1059 1600 1106 Quam

262 1122 316 1160 ob
336 1136 417 1160 rem
437 1123 535 1160 haec
556 1122 718 1172 quidem
739 1123 940 1160 hactenus.
1002 1123 1123 1170 Quod
1148 1122 1341 1172 reliquum
1361 1131 1430 1169 est,
1454 1123 1599 1161 cotidie
1622 1136 1658 1168 15

262 1186 485 1225 tabellarios
515 1187 681 1225 habebis
713 1195 760 1233 et,
789 1195 831 1224 ut
860 1201 935 1237 ego
964 1187 1142 1235 arbitror,
1166 1187 1285 1226 etiam
1314 1188 1424 1237 quod
1453 1188 1599 1227 scribas

262 1251 428 1290 habebis
456 1252 612 1290 cotidie.
674 1253 823 1303 Leptae
848 1252 1064 1290 litterarum
1092 1254 1316 1303 exemplum
1340 1252 1412 1292 tibi
1436 1253 1525 1291 misi
1553 1268 1600 1292 ex

262 1330 343 1366 quo
372 1316 467 1354 mihi
500 1317 653 1355 videtur
679 1318 923 1367 στρατύλλαξ
948 1316 1013 1355 1116
1041 1317 1219 1356 deiectus
1247 1319 1298 1356 de
1326 1319 1460 1368 gradu.
1521 1319 1599 1357 Sed

263 1390 316 1429 tu,
338 1396 429 1420 cum
450 1382 598 1432 legeris,
621 1382 871 1437 existimabis.

215 1455 244 1494 4
317 1447 536 1498 Obsignata
570 1447 647 1486 iam
679 1448 846 1498 epistula
877 1448 1022 1487 litteras
1055 1462 1078 1486 a
1109 1456 1147 1486 te
1178 1456 1217 1486 et
1244 1462 1267 1486 a
1302 1450 1420 1486 Sexto
1449 1448 1595 1499 accepi.
1619 1464 1660 1485 20

262 1512 373 1550 Nihil
402 1512 613 1551 iucundius
642 1513 778 1551 litteris
810 1513 928 1559 Sexti,
960 1513 1058 1551 nihil
1091 1513 1309 1551 amabilius.
1370 1514 1474 1551 Nam
1508 1521 1598 1552 tuae

262 1578 408 1625 breves,
442 1578 588 1628 priores
620 1586 729 1616 erant
766 1577 948 1631 [litterae]
984 1579 1214 1617 uberrimae.
1273 1581 1337 1616 Tu
1369 1579 1530 1629 quidem
1560 1586 1598 1617 et

260 1645 473 1693 prudenter
499 1651 537 1681 et
566 1643 692 1681 amice
722 1645 864 1681 suades
891 1652 933 1681 ut
960 1644 999 1681 in
1026 1644 1086 1682 his
1114 1644 1210 1682 locis
1233 1644 1482 1694 potissimum
1509 1644 1597 1692 sim,

262 1710 395 1758 quoad
414 1708 622 1747 audiamus
649 1709 746 1747 haec
767 1722 869 1758 quae
886 1716 1095 1747 ‘commota
1118 1716 1208 1746 sunt
1228 1723 1394 1758 quorsus
1414 1711 1593 1747 evadant.

218 1782 242 1820 5
262 1775 339 1812 Sed
370 1788 443 1820 me,
470 1773 523 1811 mi
550 1773 692 1821 Attice,
719 1788 799 1812 non
831 1788 925 1812 sane
956 1776 1032 1812 hoc
1062 1774 1223 1824 quidem
1258 1781 1434 1823 tempore
1463 1781 1595 1812 movet
1617 1788 1656 1821 25

260 1853 320 1877 res
346 1838 515 1889 publica,
539 1852 619 1877 non
644 1852 724 1888 quo
753 1847 820 1876 aut
847 1839 894 1876 sit
916 1839 1011 1876 mihi
1033 1839 1244 1889 quicquam
1273 1838 1397 1877 carius
1423 1847 1490 1877 aut
1511 1853 1596 1877 esse

260 1904 404 1942 debeat
425 1904 495 1941 sed
516 1904 731 1953 desperatis
755 1904 872 1942 etiam
896 1904 1162 1954 Hippocrates
1182 1912 1286 1942 vetat
1310 1904 1498 1943 adhibere
1519 1918 1597 1943 me-

259 1969 443 2008 dicinam.
487 1971 577 2018 Qua
593 1984 632 2007 re
646 1969 718 2008 ista
730 1972 885 2008 Valeant
900 1985 910 2017 3
934 1984 997 2008 me
1013 1984 1072 2008 res
1089 1969 1286 2008 familiaris
1303 1977 1445 2008 movet.
1491 1971 1595 2008 Rem

260 2034 381 2073 dico?
406 2034 530 2072 immo
550 2049 642 2073 vero
663 2035 907 2073 existimatio.
963 2037 1066 2074 Cum
1088 2035 1193 2073 enim
1215 2042 1324 2073 tanta
1349 2035 1498 2084 reliqua
1517 2035 1595 2073 sint

260 2098 368 2146 mihi,
395 2113 445 2137 ne
468 2099 678 2138 Terentiae
703 2100 866 2149 quidem
893 2101 1026 2138 adhuc
1055 2101 1164 2149 quod
1190 2101 1339 2137 solvam
1367 2100 1594 2149 expeditum
1614 2114 1654 2144 30

306 2215 319 2234 1
346 2209 458 2244 potest
487 2205 540 2244 (sc.
568 2204 748 2238 retundere)
774 2210 807 2235 et
833 2204 1034 2235 Gronovius:
1059 2206 1198 2244 prodest
1223 2209 1257 2234 et
1280 2203 1420 2235 Schelle:
1446 2215 1507 2243 pro
1532 2215 1594 2235 sua

258 2252 353 2287 parte
371 2248 450 2278 coni.
473 2248 614 2278 Mullcr:
640 2259 700 2287 pro
719 2259 753 2278 re
771 2253 851 2278 nata
867 2248 1021 2279 Schmidt
1149 2260 1171 2288 9
1194 2249 1227 2278 ni
1245 2247 1319 2278 add.
1333 2247 1432 2278 Rom.
1555 2258 1593 2287 14

259 2292 509 2331 perspiciemus
527 2291 604 2322 Vict.
624 2303 630 2321 :
657 2293 865 2331 persciemus
884 2291 953 2321 CM
1042 2292 1081 2322 16
1104 2292 1193 2331 quod
1207 2290 1235 2320 L
1254 2292 1392 2331 (marg)
1410 2302 1416 2321 z
1449 2291 1529 2330 quid
1555 2291 1597 2320 M

263 2336 301 2365 18
324 2333 532 2374 στρατύλλαξ
549 2335 690 2365 Bosius:
717 2335 884 2366 stratillax
902 2334 944 2365 Μ
1058 2346 1099 2365 22
1124 2336 1256 2366 litterae
1283 2334 1341 2366 del.
1365 2333 1459 2365 Man.
1549 2343 1594 2373 30

259 2378 341 2408 mihi
360 2381 383 2409 Σ
398 2378 484 2409 Crat.
504 2389 510 2408 ε
535 2389 600 2409 om.
621 2383 649 2408 Δ
