1742 2651
90 81 201 118 XVI.
224 79 301 116 viii
609 79 664 116 M.
697 77 865 115 TVLLI
897 76 1204 115 CICERONIS

238 191 468 240 (ἀσφάλειαν
506 190 624 228 habet
663 189 693 227 is
741 188 867 236 locus)
908 187 1082 237 fugiam?
1157 188 1339 232 Romam,
1381 199 1430 223 ne
1469 184 1567 222 desi-

237 258 418 295 deremur
463 255 493 293 si
532 255 628 305 quid
666 262 798 292 actum
838 252 1042 291 videbitur.
1122 254 1215 290 Hoc
1253 251 1366 301 igitur
1404 250 1563 300 explica.

238 324 467 372 Numquam
498 321 537 358 in
567 320 713 358 maiore
744 320 878 370 ἀπορίᾳ
907 318 971 356 fui.

282 430 350 464 IX
480 430 548 462 Ser.
569 431 601 461 in
619 430 798 462 Puteolano
812 429 893 469 prid.
911 426 997 459 Non,
1015 427 1100 460 Nov.
1118 439 1148 459 α.
1171 437 1228 467 710
1244 427 1333 468 (44).

654 506 824 537 CICERO
847 504 1029 536 ATTICO
1052 504 1157 535 SAL.
1589 511 1606 542 5

293 580 415 618 Binae
445 593 526 618 uno
555 579 619 618 die
649 578 744 616 mihi
774 578 922 616 litterae
949 578 999 616 ab
1027 576 1257 622 Octaviano,
1281 589 1387 614 nunc
1408 575 1568 625 quidem

237 653 278 684 ut
301 647 472 683 Romam
494 644 624 682 statim
646 643 799 682 veniam
820 658 829 690 3
858 644 957 680 velle
978 656 1019 680 se
1046 655 1127 679 rem
1154 654 1267 691 agere
1288 654 1355 690 per
1375 648 1566 678 senatum.

237 710 313 750 Cui
334 723 407 760 ego
428 724 508 748 non
536 722 651 759 posse
677 716 856 747 senatum
887 715 978 745 ante
1008 709 1056 745 K.
1083 709 1249 753 Ianuar„
1272 707 1381 756 quod
1407 704 1569 755 quidem

238 776 291 814 ita
320 776 448 813 credo.
510 776 582 813 Ille
610 781 742 812 autern
771 773 882 812 addit
916 773 1101 811 ‘consilio
1132 774 1224 810 tuo.’
1283 771 1391 820 Quid
1419 772 1571 808 multa?

238 840 302 878 ille
324 848 441 890 urget,
465 853 538 890 ego
558 847 690 878 autem
712 840 936 888 σκήπτομαι.
988 840 1081 876 Non
1103 838 1263 875 confido
1283 835 1413 883 aetati,
1434 835 1570 885 ignoro
1592 850 1630 871 10

238 919 318 955 quo
347 905 492 943 animo.
553 904 620 942 Nil
651 904 735 942 sine
768 906 895 941 Pansa
929 911 997 941 tuo
1030 905 1131 941 volo.
1190 904 1338 940 Vereor
1367 915 1417 939 ne
1445 902 1571 938 valeat

238 971 437 1009 Antonius
476 984 549 1008 nec
580 984 603 1008 a
637 969 732 1007 mari
766 969 969 1007 discedere
1008 969 1103 1006 libet
1142 976 1180 1006 et
1214 975 1348 1005 metuo
1382 980 1432 1004 ne
1470 980 1572 1015 quae

239 1038 406 1087 ἀριστεία
436 1050 498 1074 me
527 1037 701 1074 absente.
761 1034 928 1072 Varroni
959 1034 1120 1084 quidem
1152 1032 1332 1083 displicet
1363 1031 1570 1070 consilium

239 1102 359 1152 pueri,
392 1101 487 1139 mihi
517 1115 608 1139 non.
669 1100 708 1138 Si
744 1101 873 1137 firmas
908 1099 1042 1149 copias
1071 1099 1204 1145 habet,
1232 1100 1398 1135 Brutum
1426 1097 1572 1134 habere

240 1175 382 1217 potest,
403 1174 441 1205 et
470 1180 552 1205 rem
581 1165 677 1216 gerit
708 1167 847 1215 palam.
909 1164 1114 1204 Centuriat
1141 1165 1313 1213 Capuae,
1336 1162 1568 1209 dinumerat.
1594 1173 1630 1205 15

240 1234 326 1270 Iam
366 1231 523 1281 iamque
561 1231 678 1269 video
718 1231 875 1268 bellum.
947 1231 1011 1268 Ad
1051 1230 1148 1266 haec
1186 1227 1364 1266 rescribe.
1433 1227 1571 1264 Tabel-

239 1297 377 1335 larium
413 1310 546 1334 meum
582 1297 751 1334 Kalend.
788 1297 918 1333 Roma
951 1296 1171 1344 profectum
1206 1292 1289 1330 sine
1323 1291 1399 1330 tuis
1438 1291 1572 1329 litteris

241 1376 368 1401 nuror.

286 1473 328 1507 X
505 1473 574 1505 Ser.
592 1475 625 1503 1'11
643 1473 847 1504 Sinuessano
864 1473 897 1503 vi
911 1472 959 1503 Id.
980 1471 1060 1503 Nov.
1082 1483 1112 1503 a.
1132 1482 1189 1511 710
1209 1471 1300 1513 (44).

658 1550 829 1581 CICERO
851 1550 1031 1580 ATTICO
1054 1548 1160 1580 SAL.
1595 1559 1634 1580 20

207 1643 223 1670 1
299 1638 353 1664 V11
382 1626 439 1663 Id.
464 1624 552 1663 veni
581 1625 632 1662 ad
663 1638 725 1662 me
756 1624 794 1661 in
826 1623 1118 1661 Sinuessanum.
1179 1623 1332 1660 Eodem
1363 1621 1428 1659 die
1457 1621 1574 1669 vulgo

243 1691 506 1740 loquebantur
551 1689 771 1727 Antonium
810 1702 1037 1726 mansurum
1072 1701 1157 1726 esse
1201 1686 1374 1726 Casilini.
1435 1688 1575 1735 Itaque

245 1755 391 1794 mutavi
430 1755 663 1802 consilium3
707 1762 916 1792 statueram
953 1754 1058 1792 enim
1090 1761 1194 1791 recta
1226 1752 1356 1803 Appia
1390 1753 1573 1789 Romam.

247 1821 376 1860 Facile
411 1835 473 1859 me
507 1820 571 1858 ille
605 1828 707 1859 esset
737 1820 959 1858 adsecutus.
1019 1818 1142 1856 Aiunt
1176 1818 1282 1856 enim
1314 1831 1404 1856 eum
1437 1817 1577 1855 Caesa-

246 1887 353 1925 riana
373 1886 428 1925 uti
449 1886 656 1924 celeritate.
716 1885 825 1923 Verti
855 1885 969 1935 igitur
995 1898 1058 1922 me
1084 1898 1107 1922 a
1135 1883 1357 1923 Menturnis
1381 1882 1575 1932 Arpinum
1597 1896 1636 1927 25

246 1965 390 1990 versus.
450 1951 741 1991 Constitueram
772 1958 814 1988 ut
835 1963 859 1987 v
882 1952 978 1988 Idus
1006 1958 1073 1988 aut
1103 1949 1251 1999 Aquini
1281 1962 1481 1987 manerem
1510 1954 1577 1985 aut

205 2029 228 2056 2
248 2018 287 2056 in
309 2020 476 2055 Arcano.
536 2019 666 2063 Nunc,
690 2016 743 2054 mi
764 2015 906 2062 Attice,
930 2023 1011 2053 tota
1041 2022 1173 2054 mente
1193 2014 1379 2053 incumbe
1407 2013 1445 2050 in
1475 2014 1578 2050 hanc

296 2131 309 2152 1
337 2121 447 2159 fugio?
476 2120 568 2151 Malo
589 2121 731 2150 Romam
746 2120 824 2150 coni.
844 2119 948 2149 Boot:
973 2119 1170 2156 Romamne,
1185 2129 1227 2148 ne
1241 2117 1325 2148 Reid
1436 2127 1473 2156 14
1500 2127 1578 2146 non.

250 2166 299 2196 Si.
331 2176 396 2196 vx.
432 2159 476 2193 Ζὗ
509 2164 622 2195 Crat.:
664 2174 730 2194 non
762 2167 836 2194 ΣΔι
873 2174 941 2192 non
980 2164 1028 2193 sic
1064 2163 1150 2192 Boot
1299 2172 1339 2200 24
1373 2161 1579 2191 Caesariana

250 2209 348 2239 Rom.
368 2220 374 2239 :
400 2208 584 2238 Caesarina
600 2207 688 2238 codd.
844 2217 885 2245 25
910 2207 1047 2236 Vertam
1067 2204 1256 2245 Wesenbmg
1387 2204 1579 2234 Menturnis

249 2251 337 2283 codd.
361 2264 367 2282 z
393 2252 492 2282 Mint-
518 2252 620 2291 vulg„
647 2252 683 2289 <fi
711 2250 788 2282 adn.
816 2249 863 2280 ad
883 2261 912 2281 v.
946 2260 972 2279 1.
1001 2260 1020 2288 5
1110 2260 1150 2288 27
1176 2249 1289 2279 Attice
1312 2253 1381 2278 tota
1403 2253 1517 2278 mente
1538 2247 1577 2276 I:

251 2299 432 2326 ΑΠΙΕΕΤΟ
449 2301 561 2326 tamen
580 2300 613 2325 te
631 2294 673 2324 Μ
