1742 2651
578 129 689 165 EPP.
722 129 799 164 AD
830 127 1090 165 ATTICVM
1374 127 1493 164 XIII.
1513 125 1621 162 xxxi

169 239 350 279 videlicet
371 252 499 289 neque
520 247 578 277 est
602 240 773 277 facturus
794 238 1006 288 quicquam
1034 237 1108 275 nisi
1129 238 1179 275 de
1204 251 1294 275 meo
1321 237 1497 276 consilio.

170 305 348 343 Obsecro
376 305 592 343 abiciamus
625 304 697 342 ista
729 312 766 342 et
796 303 1006 342 semiliberi
1039 305 1177 341 saltem
1208 303 1357 350 simus3
1391 304 1499 353 quod

168 371 432 419 adsequemur
451 377 489 408 et
510 371 679 408 tacendo
700 377 737 407 et
758 371 928 408 latendo.

224 436 302 473 Sed
331 436 543 484 adgredere
564 436 778 481 Othonem,
802 443 843 473 ut
870 434 1016 473 scribis.
1077 435 1252 481 Confice,
1275 434 1329 472 mi
1356 433 1497 479 Attice,
1519 448 1545 486 4

132 515 148 545 5
170 500 284 538 istam
314 514 406 538 rem.
467 499 575 538 Nihil
605 500 711 538 enim
744 499 850 538 aliud
881 499 1030 549 reperio
1061 499 1130 538 ubi
1161 508 1199 538 et
1230 499 1269 536 in
1301 501 1385 537 foro
1420 512 1500 536 non

171 566 243 604 sim
265 574 302 604 et
324 574 454 604 tecum
476 579 560 603 esse
582 565 740 615 possim.
786 565 934 614 Quanti
955 574 1097 612 autem,
1122 567 1198 603 hoc
1220 565 1315 602 mihi
1336 564 1441 602 venit
1463 564 1500 601 in

173 640 356 669 mentem.
418 631 461 670 C.
486 631 679 669 Albanius
708 631 908 681 proximus
932 640 990 669 est
1017 631 1178 669 vicinus.
1240 633 1278 668 Is
1308 642 1374 668 Clo
1401 629 1503 679 iuge-

172 709 255 733 rum
296 697 345 734 de
387 697 441 733 M.
478 695 576 734 Pilio
615 696 720 742 emit,
755 704 795 734 ut
835 710 922 734 mea
960 696 1149 734 memoria
1187 703 1256 741 est,
1299 696 1369 732 HS
1409 695 1500 731 eff.

173 761 319 799 Omnia
339 761 487 799 scilicet
507 775 613 799 nunc
635 761 806 799 minoris.
866 763 943 800 Sed
963 761 1116 799 accedit
1137 761 1342 810 cupiditas,
1366 760 1405 797 in
1427 773 1504 809 qua

117 845 153 866 10
172 834 323 876 praeter
337 827 540 865 Othonem
562 841 642 865 non
658 836 754 877 puto
771 840 843 865 nos
860 829 981 864 ullum
1002 826 1266 864 adversarium
1287 826 1500 863 habituros.

173 892 251 929 Sed
277 904 368 929 eum
396 891 524 941 ipsum
552 900 593 930 tu
621 892 765 942 poteris
796 906 963 939 movere,
986 891 1135 929 facilius
1156 891 1273 929 etiam
1295 891 1326 929 si
1348 893 1503 931 Canum

172 956 347 994 haberes.
403 957 438 995 O
459 959 590 1006 gulam
612 957 798 995 insulsam
820 961 825 995 l
875 958 1002 996 Pudet
1024 971 1086 996 me
1106 957 1234 1007 patris.
1296 958 1505 997 Rescribes

173 1020 203 1058 si
225 1021 320 1070 quid
341 1023 458 1060 voles.

219 1168 398 1205 XXXII
458 1171 526 1203 Ser.
549 1173 581 1203 1'11
604 1172 788 1203 Tusculano
805 1173 835 1203 iv
850 1173 893 1204 K.
914 1173 989 1205 Iun.
1010 1184 1040 1205 a.
1062 1183 1120 1215 709
1139 1173 1221 1215 (45).

118 1274 152 1306 15
582 1261 753 1292 CICERO
782 1261 964 1293 ATTICO
993 1261 1099 1295 SAL.

229 1351 403 1388 Alteram
434 1363 456 1388 a
485 1357 522 1387 te
553 1349 759 1399 epistulam
790 1364 879 1388 cum
910 1350 1029 1388 hodie
1057 1351 1310 1401 accepissem,
1333 1351 1442 1390 nolui
1470 1358 1507 1389 te
1530 1364 1547 1392 1

175 1429 254 1454 una
274 1429 361 1454 mea
382 1423 624 1453 contentum.
674 1416 736 1453 Tu
757 1429 848 1453 vero
868 1429 949 1465 age,
966 1417 1074 1465 quod
1095 1416 1242 1463 scribis,
1261 1418 1310 1455 de
1329 1417 1504 1456 Faberio.

177 1482 224 1518 In
257 1495 304 1519 eo
339 1481 444 1519 enim
475 1487 601 1518 toturn
632 1487 689 1517 est
718 1479 889 1529 positum
921 1480 959 1518 id
990 1482 1097 1530 quod
1128 1481 1372 1531 cogitamus3
1407 1495 1508 1532 quae

176 1546 361 1596 cogitatio
391 1545 422 1584 si
453 1559 532 1583 non
562 1544 774 1592 incidisset,
798 1545 893 1582 mihi
923 1546 1052 1591 crede,
1074 1545 1173 1584 istuc
1199 1554 1242 1584 ut
1269 1555 1397 1585 cetera
1427 1561 1506 1585 non

118 1625 156 1646 20
176 1611 404 1649 laborarem.
466 1611 597 1659 Quam
627 1610 679 1647 ob
707 1623 798 1656 rem,
822 1618 864 1648 ut
893 1610 987 1647 facis
1007 1609 1122 1661 (istuc
1152 1611 1257 1649 enim
1287 1612 1381 1650 addi
1410 1613 1506 1651 nihil

176 1677 333 1726 potest),
358 1690 460 1726 urge,
484 1676 595 1723 insta,
620 1676 772 1726 perfice.

232 1741 464 1780 Dicaearchi
502 1743 586 1791 περὶ
624 1745 744 1793 ψυχῆς
781 1748 968 1790 utrosque
1001 1741 1117 1778 velim
1157 1742 1288 1780 mittas
1327 1751 1364 1781 et
1405 1759 1552 1786 κατα-2

175 1809 336 1857 βάσεως.
394 1808 654 1857 Τριπολιτικὸν
681 1821 761 1845 non
791 1805 949 1844 invenio
979 1814 1016 1843 et
1046 1806 1253 1855 epistulam
1281 1807 1363 1846 eius
1388 1822 1507 1858 quam

176 1874 227 1912 ad
257 1873 535 1912 Aristoxenum
567 1873 678 1912 misit.
740 1873 827 1911 Tris
857 1886 924 1911 eos
954 1871 1073 1910 libros
1104 1872 1272 1911 maxime
1301 1887 1407 1912 nunc
1434 1875 1508 1912 vel-

120 1951 157 1981 25
178 1941 281 1987 lem,
325 1939 405 1989 apti
437 1948 567 1978 essent
598 1941 648 1978 ad
682 1939 722 1977 id
756 1941 864 1989 quod
898 1939 1038 1988 cogito.
1098 1940 1322 1988 Torquatus
1355 1942 1551 1988 Romae3

178 2013 245 2043 est.
306 2005 398 2043 Misi
420 2013 460 2043 ut
482 2005 551 2043 tibi
573 2007 738 2044 daretur.
789 2007 973 2045 Catulum
995 2014 1032 2043 et
1054 2007 1275 2051 Lucullum,
1293 2013 1335 2043 ut
1355 2005 1505 2055 opinor,

178 2078 302 2108 antea.
378 2070 453 2108 His
499 2070 605 2108 libris
650 2085 752 2109 nova
790 2071 1020 2121 prohoemia
1058 2080 1148 2109 sunt
1192 2070 1327 2108 addita
1365 2071 1508 2119 quibus

178 2149 313 2173 eorum
342 2144 505 2185 uterque
535 2137 724 2174 laudatur.
786 2138 862 2174 Eas
892 2137 1037 2175 litteras
1062 2139 1151 2174 volo
1182 2137 1328 2174 habeas
1358 2143 1395 2174 et
1420 2143 1510 2173 sunt

179 2201 375 2249 quaedam
413 2201 498 2238 alia.
560 2201 609 2238 Et
644 2202 752 2250 quod
790 2202 840 2239 ad
880 2209 917 2239 te
955 2203 999 2239 de
1033 2203 1171 2240 decem
1206 2202 1341 2252 legatis
1376 2200 1511 2250 scripsi

225 2305 267 2333 26
293 2304 369 2334 Misi
388 2315 416 2334 v.
429 2315 450 2334 c.
472 2302 539 2334 gb:
564 2305 644 2334 iussi
664 2307 717 2335 ΣΔ
806 2307 848 2336 28
872 2305 1015 2343 litteras]
1036 2305 1182 2345 διφθέρας
1198 2306 1342 2338 Rinkes:
1367 2307 1513 2347 δευτέρας

184 2347 239 2377 (sc.
256 2347 435 2385 φροντίδας)
454 2348 531 2378 coni.
552 2347 651 2378 Orelli
776 2359 818 2387 29
841 2350 913 2380 alia.
965 2349 1022 2388 Et]
1041 2349 1137 2381 aliae.
1178 2350 1276 2389 Quod
1299 2350 1421 2390 Tyrrell
1436 2363 1443 2382 ε
1466 2351 1516 2382 vel

183 2389 224 2420 Et
241 2390 412 2421 delendum
429 2401 493 2421 esse
509 2391 558 2421 vel
575 2391 611 2422 Id
629 2391 799 2431 legendnm
811 2396 909 2433 putat
927 2392 1030 2423 Orelli
1115 2395 1157 2424 de
1174 2394 1249 2426 add.
1268 2399 1337 2426 vett.
