1742 2651
152 152 221 189 IX.
240 152 269 187 ii
283 166 305 188 a
614 154 666 189 M.
700 153 868 189 TVLLI
901 153 1206 190 CICERONIS

423 264 485 304 Τίς
515 264 544 300 δ’
573 264 652 301 ἐστὶ
681 264 811 303 δοῦλος
838 267 903 301 τοῦ
934 264 1053 302 θανεῖν
1081 265 1255 313 ἄφροντις
1283 265 1331 303 ὤν
1343 263 1385 313 ;),

888 317 896 327 ι

246 346 316 384 sed
353 345 445 394 quia
482 345 619 395 ingrati
658 344 778 383 animi
817 344 964 383 crimen
1010 347 1160 383 horreo.
1238 347 1410 385 Confido
1457 346 1572 397 igitur

245 410 458 448 adventum
490 418 665 447 nostrum
697 409 761 455 illi,
795 423 958 459 quoquo
991 417 1167 459 tempore
1199 410 1322 458 fuerit,
1353 419 1394 449 ut
1423 411 1570 459 scribis,

247 476 472 524 ἀσμενιστὸν
492 476 582 512 fore.
644 476 747 511 Nam
778 476 887 523 quod
916 474 983 521 ais,
1007 474 1037 511 si
1069 474 1132 512 hic
1162 475 1414 525 temperatius
1441 477 1571 526 egerit,

246 539 529 578 consideratius
551 539 759 578 consilium
782 548 819 577 te
841 541 1034 585 daturum,
1059 540 1123 589 qui
1148 540 1210 578 hic
1233 548 1361 590 potest
1382 555 1422 579 se
1443 554 1573 589 gerere
1594 558 1611 588 5

246 618 326 642 non
356 605 536 654 perdite?
605 606 741 642 Velcml
759 604 848 647 vita,
871 619 1010 652 mores,
1033 612 1124 642 ante
1146 606 1256 651 facta,
1281 605 1377 643 ratio
1402 607 1573 657 suscepti

246 670 387 719 negoti,
411 669 516 715 socii,
540 670 638 707 vires
660 670 853 707 bonorum
875 677 941 707 aut
963 669 1080 708 etiam
1102 671 1332 708 constantia.

202 744 226 780 3
300 734 471 772 Vixdum
495 734 701 784 epistulam
724 742 830 772 tuam
853 736 1020 784 legeram
1046 748 1135 772 cum
1166 736 1217 773 ad
1248 749 1310 773 me
1337 749 1494 773 currens
1523 738 1573 774 ad

246 800 353 837 illum
386 802 597 837 Postumus
626 799 783 838 Curtius
813 799 918 837 venit
950 799 1046 837 nihil
1074 799 1147 836 nisi
1178 799 1310 848 classis·
1340 801 1506 849 loquens
1536 808 1573 838 et

245 867 446 903 exercitus.
508 865 709 914 Eripiebat
751 865 976 914 Hispanias,
1014 866 1173 903 tenebat
1205 865 1352 912 Asiam,
1387 865 1570 913 Siciliam,
1598 885 1634 905 ιο

246 931 433 975 Africam,
455 930 684 977 Sardiniam,
712 930 919 969 confestim
951 930 989 968 in
1019 930 1224 969 Graeciam
1255 932 1571 980 persequebatur.

248 998 435 1035 Eundum
464 997 577 1047 igitur
607 1004 675 1043 est,
708 1010 780 1034 nec
812 1004 891 1034 tam
920 1004 961 1034 ut
993 996 1085 1035 belli
1116 1010 1234 1045 quam
1265 1004 1307 1034 ut
1337 998 1449 1046 fugae
1479 996 1574 1035 socii

247 1062 377 1100 simus.
458 1064 541 1100 Nec
582 1062 687 1100 enim
727 1063 823 1100 serre
863 1070 1001 1111 potero
1040 1076 1241 1100 sermones
1287 1061 1449 1099 istorum
1494 1062 1575 1111 qui-

246 1141 417 1176 cumque
445 1135 559 1171 sunt3
590 1141 668 1164 non
702 1134 793 1164 sunt
827 1126 930 1164 enini
963 1134 1076 1173 certe,
1108 1134 1147 1164 ut
1179 1128 1438 1176 appellantur,
1466 1127 1571 1165 boni.

248 1194 325 1231 Sed
351 1200 482 1230 tamen
514 1192 552 1231 id
584 1192 711 1242 ipsum
743 1191 839 1230 scire
869 1191 986 1242 cupio
1017 1192 1112 1241 quid
1143 1194 1353 1242 loquantur
1383 1192 1502 1242 idque
1532 1200 1574 1230 ut
1598 1209 1632 1240 15

246 1257 424 1307 exquiras
446 1271 587 1307 meque
609 1257 812 1295 certiorem
845 1257 961 1295 facias
993 1265 1029 1295 te
1051 1259 1304 1296 vehementer
1325 1271 1428 1307 rogo.
1491 1260 1575 1296 Nos

246 1325 377 1362 adhuc
398 1324 493 1373 quid
512 1323 695 1362 Brundisi
717 1331 847 1362 actum
869 1331 970 1362 esset
991 1325 1107 1373 plane
1128 1324 1411 1361 nesciebamus.
1473 1325 1575 1363 Cum

247 1389 425 1436 sciemus,
452 1397 533 1426 tum
562 1403 607 1427 ex
632 1402 671 1426 re
702 1396 739 1427 et
770 1403 816 1427 ex
846 1396 1022 1438 tempore
1049 1388 1257 1426 consilium
1279 1388 1479 1439 capiemus
1506 1389 1576 1427 sed

248 1462 402 1494 utemur
423 1462 502 1493 tuo.

294 1596 366 1631 III
512 1599 581 1630 Ser.
602 1600 635 1629 iu
652 1600 833 1630 Fortm'atzo
851 1599 957 1630 vz'iId.
981 1600 1082 1630 M'arz‘.
1105 1611 1134 1631 α.
1156 1610 1212 1640 705
1230 1600 1319 1641 (49).
1598 1605 1637 1625 20

658 1682 830 1713 CICERO
853 1682 1033 1713 ATTICO
1057 1682 1163 1714 SAL.

217 1773 233 1799 Ι
307 1761 456 1800 Domiti
496 1761 597 1799 filius
641 1761 789 1798 transiit
830 1761 1006 1799 Formias
1055 1774 1128 1798 VIII
1180 1762 1276 1799 Idus
1323 1774 1479 1799 currens
1527 1761 1577 1798 ad

251 1835 413 1866 matrem
436 1826 646 1877 Neapolim
668 1826 844 1876 mihique
872 1826 1041 1864 nuntiari
1062 1826 1172 1864 iussit
1192 1834 1341 1876 patrem
1368 1828 1418 1864 ad
1440 1826 1577 1864 urbem

251 1906 335 1930 esse
356 1905 446 1929 cum
473 1893 523 1929 de
550 1905 598 1929 eo
619 1891 771 1929 curiose
793 1891 1008 1941 quaesisset
1037 1905 1169 1929 servus
1197 1898 1328 1929 noster
1350 1890 1574 1939 Dionysius.

251 1958 336 1994 Nos
363 1964 494 1994 autem
521 1955 769 1993 audieramus
800 1969 890 1993 eum
922 1957 1141 2005 profectum
1167 1955 1247 1993 sive
1267 1957 1317 1993 ad
1340 1955 1574 2005 Pompeium
1600 1967 1636 1998 25

251 2021 330 2059 sive
365 2021 404 2058 in
436 2020 683 2070 Hispaniam.
746 2022 794 2059 Id
825 2020 936 2058 cuius
971 2020 1079 2058 modi
1114 2020 1162 2058 sit
1196 2020 1292 2058 scire
1324 2033 1417 2057 sane
1447 2019 1574 2058 velim.

295 2134 313 2162 4
338 2123 530 2160 ἀσμενιστὸν
556 2124 611 2163 (ab
635 2123 805 2163 (taptersigaex
835 2124 977 2163 YJJJWTH:
1005 2123 1198 2161 ἀσμένιστον
1222 2124 1308 2163 vulg.
1337 2126 1511 2161 tanlquam
1537 2123 1578 2153 ab

250 2166 386 2204 ἄσμενος
416 2168 508 2197 cuins
540 2169 759 2208 superlativus
793 2172 839 2198 est
861 2167 1094 2205 ἀσμεναίτατος
1198 2167 1415 2205 temperatius
1451 2166 1576 2197 ll‘cscn-

251 2211 326 2251 belg
342 2223 348 2241 :
372 2212 620 2250 temperantius
637 2212 724 2242 codd.
873 2214 894 2241 6
918 2215 992 2241 ante
1007 2211 1075 2241 vita
1093 2210 1282 2240 addendzmz
1299 2210 1423 2239 Vetant
1439 2210 1575 2247 videtur,

252 2254 342 2294 quod
360 2260 422 2294 pro
446 2255 515 2284 vita
540 2255 618 2285 coni.
636 2256 739 2284 Boot:
776 2254 833 2285 sed
856 2255 922 2285 vita
948 2265 1011 2283 mm
1038 2253 1275 2284 sollicitandum
1287 2264 1299 2289 ;
1333 2254 1370 2291 cf.
1401 2252 1576 2283 Lclmmmz

255 2300 262 2315 ⁶
277 2297 420 2336 Quaestss
442 2308 510 2335 111,
532 2299 674 2338 qzcz'post
689 2299 881 2328 constantia
898 2297 990 2327 addit
1006 2302 1127 2335 cogent
1250 2308 1265 2335 7
1291 2297 1373 2326 socii
1392 2297 1482 2326 vires
1498 2296 1553 2325 ,Μ2
1569 2307 1575 2326 ;

252 2342 387 2371 issocuu
410 2347 479 2370 tres
504 2341 576 2371 ΜΗ
613 2342 825 2372 imbecillitas
851 2340 1002 2371 Sclmm'dt
1025 2342 1091 2371 coll.
1119 2351 1167 2379 13.
1194 2351 1223 2379 4.
1352 2340 1576 2369 inconstantia

251 2384 404 2414 Schmidt
417 2385 482 2415 coll.
504 2386 558 2414 vii.
579 2394 606 2423 5.
627 2396 656 2423 4.
776 2386 813 2414 18
830 2385 907 2425 sed]
928 2384 959 2414 id
979 2389 1029 2414 est
1042 2384 1131 2414 Koclz
1245 2394 1286 2421 24
1305 2383 1345 2412 de
1364 2382 1416 2412 M¹
1432 2395 1438 2413 2
1461 2393 1504 2412 ex
1520 2382 1575 2413 M·-'

258 2427 446 2468 lVesenbetjg

1594 2238 1608 2258 ἢ
