1742 2651
154 141 223 177 IX.
247 139 293 175 ix
624 137 679 173 M.
712 136 879 172 TVLLI
912 134 1218 174 CICERONIS

246 249 405 287 Cosano
436 247 484 285 sit
514 254 552 286 et
582 247 790 285 consilium
821 246 904 284 eius
932 246 1138 295 ignoretur.
1200 247 1280 284 Iste
1307 245 1485 284 omnium
1510 252 1583 284 tur-

244 312 427 362 pissimus
453 320 490 350 et
521 311 813 351 sordidissimus
834 311 901 360 qui
929 310 1149 349 consularia
1175 310 1335 349 comitia
1360 324 1382 348 a
1406 318 1583 360 praetore

243 377 296 415 ait
317 377 452 415 haberi
478 391 592 427 posse
624 384 681 415 est
709 376 773 414 ille
799 376 905 414 idem
927 375 993 425 qui
1021 389 1174 425 semper
1200 375 1240 412 in
1262 390 1300 414 re
1321 375 1478 425 publica
1499 375 1580 413 fuit.

246 443 386 491 Itaque
418 441 601 479 nimirum
642 442 719 479 1100
751 440 848 478 illud
882 448 940 479 est
971 441 1079 490 quod
1113 441 1257 479 Caesar
1287 439 1420 478 scribit
1459 440 1498 477 in
1537 453 1583 477 ea

244 505 411 555 epistula
441 506 551 544 cuius
578 507 801 555 exemplum
831 507 881 544 ad
910 513 947 543 te
978 505 1075 552 misi,
1099 518 1140 543 se
1164 507 1262 543 velle
1290 505 1345 543 uti
1369 508 1378 524 ‘
1396 505 1582 543 consilio’
1603 516 1620 547 5

245 584 335 609 meo
365 570 466 621 (age,
496 578 608 617 est03
646 572 721 609 hoc
756 584 969 609 commune
998 569 1089 621 est),
1120 570 1284 619 ‘gratia'
1316 570 1509 620 (ineptum
1542 569 1582 608 id

244 636 407 684 quidem
446 637 527 683 sed,
575 644 682 685 puto,
724 637 801 674 1100
840 635 997 673 simulat
1034 636 1085 673 ad
1125 635 1317 684 quasdam
1357 642 1581 672 senatorum

245 700 487 749 sententias),
514 700 750 750 ‘dignitate’
776 700 956 750 (fortasse
978 699 1171 738 sententia
1192 699 1417 750 consulari).
1476 700 1580 737 Illud

244 772 462 803 extremum
506 773 575 808 est,
624 769 726 815 ‘ope
765 765 944 804 omnium
982 766 1134 803 rerum.'
1195 766 1242 803 Id
1282 778 1354 814 ego
1393 763 1579 814 suspicari

244 830 357 879 coepi
379 837 462 868 tum
484 843 529 868 ex
550 829 625 867 tuis
646 829 780 868 litteris
807 837 874 867 aut
902 831 976 868 1100
1004 829 1131 879 ipsum
1154 842 1238 867 esse
1262 837 1329 867 aut
1353 843 1433 867 non
1454 830 1578 866 multo
1603 841 1639 863 10

244 907 367 932 56005.
428 896 532 933 Nam
564 894 764 944 permagni
804 894 887 937 eius
925 894 1084 933 interest
1116 908 1197 932 rem
1231 895 1281 932 ad
1315 893 1577 943 interregnum

245 973 325 998 non
364 959 506 998 venire.
586 961 634 998 Id
672 960 910 1009 adsequitur,
952 959 982 997 si
1028 973 1095 1010 per
1140 967 1357 1009 praetorem
1398 959 1579 996 00050165

244 1032 437 1062 creantur.
495 1026 579 1063 Nos
600 1032 732 1063 autem
753 1024 792 1062 in
814 1024 920 1063 libris
941 1025 1133 1063 habemus
1155 1038 1235 1062 non
1258 1025 1378 1062 modo
1399 1024 1581 1061 00050165

245 1102 268 1126 a
297 1096 474 1138 praetore
505 1090 574 1128 sed
607 1103 656 1127 ne
689 1097 886 1138 praetores
921 1089 1081 1139 quidem
1118 1089 1236 1127 creari
1268 1089 1326 1126 ius
1356 1102 1440 1126 esse
1461 1088 1581 1137 idque

244 1154 388 1191 factum
430 1167 514 1192 esse
553 1167 796 1203 0010010001,-
843 1155 1024 1192 00050165
1062 1167 1110 1192 60
1145 1167 1224 1191 000
1259 1166 1343 1191 6556
1375 1153 1433 1190 105
1472 1153 1581 1201 quod
1603 1164 1640 1196 15

244 1217 369 1255 maius
409 1217 614 1267 imperium
654 1232 676 1255 a
715 1217 866 1256 minore
905 1218 1028 1268 rogari
1067 1232 1147 1256 non
1187 1218 1234 1256 sit
1274 1218 1343 1264 ius,
1385 1225 1581 1267 praetores

243 1290 374 1320 autem
405 1284 513 1332 quod
544 1283 596 1321 ita
626 1292 809 1333 rogentur
838 1292 879 1321 ut
909 1285 1095 1334 conlegae
1125 1283 1353 1322 consulibus
1383 1283 1458 1320 sint
1489 1296 1582 1332 quo-

243 1361 328 1385 rum
361 1356 419 1386 est
454 1348 577 1386 maius
612 1348 830 1398 imperium.
890 1349 1028 1387 Aberit
1060 1363 1138 1387 non
1174 1351 1290 1398 longe
1324 1348 1418 1398 quin
1451 1350 1526 1386 1100
1559 1362 1582 1386 a

243 1426 305 1451 me
327 1414 485 1451 decerni
503 1413 593 1452 velit
614 1427 742 1464 neque
764 1414 811 1452 sit
828 1422 1036 1452 contentus
1058 1415 1195 1461 Galba,
1212 1415 1408 1461 Scaevola,
1428 1413 1577 1461 Cassio,

242 1478 433 1523 Antonio,
1600 1491 1641 1512 20

594 1545 686 1581 Τότε
704 1562 768 1593 μοι
787 1545 893 1595 χάνοι
914 1546 1031 1594 εὐρεῖα
1041 1545 1141 1596 χθών
1158 1548 1164 1582 l

200 1622 225 1658 4
300 1609 377 1646 Sed
408 1615 554 1657 quanta
581 1616 792 1659 tempestas
818 1609 1043 1659 impendeat
1070 1609 1190 1647 vides.
1251 1609 1329 1658 Qui
1361 1609 1579 1647 transierint

245 1681 443 1711 senatores
477 1673 645 1711 scribam
674 1675 725 1711 ad
753 1682 790 1712 te
821 1688 910 1711 0001
940 1682 1089 1712 certum
1120 1674 1288 1712 habebo.
1350 1675 1410 1712 De
1440 1688 1479 1712 re
1509 1676 1581 1711 fru-

244 1738 433 1776 mentaria
454 1746 557 1776 recte
579 1738 770 1788 intellegis
796 1752 897 1788 quae
924 1741 1033 1777 nullo
1061 1740 1182 1777 modo
1206 1739 1466 1777 administrari
1497 1739 1580 1777 sine

241 1804 496 1854 vectigalibus
518 1813 671 1854 potest3
703 1819 775 1844 060
803 1805 886 1844 sine
916 1819 1034 1843 causa
1061 1814 1098 1844 et
1120 1819 1186 1844 eos
1215 1805 1282 1855 qui
1303 1805 1448 1843 circum
1470 1805 1578 1843 illum
1603 1821 1637 1852 ²5

242 1877 332 1907 sunt
362 1869 496 1907 omnia
524 1870 760 1920 postulantis
785 1878 822 1908 et
853 1872 998 1909 bellum
1031 1871 1221 1909 nefarium
1252 1871 1379 1908 times.
1435 1870 1580 1908 Treba-

241 1936 338 1973 tium
378 1943 566 1982 nostrum,
609 1936 691 1983 etsi,
733 1944 774 1974 ut
814 1936 960 1983 scribis,
995 1936 1091 1974 nihil
1132 1937 1232 1975 bene
1271 1944 1409 1987 sperat,
1446 1944 1578 1974 tamen

240 2000 372 2039 videre
402 2014 495 2038 sane
516 2001 644 2039 velim.
705 2004 836 2051 Quem
864 2003 924 2040 fac
956 2002 1117 2040 horteris
1145 2010 1186 2039 ut
1208 2009 1411 2052 properet3
1441 2015 1579 2051 oppor-

240 2073 335 2103 tune
373 2066 479 2103 enim
517 2068 568 2104 ad
608 2080 670 2104 me
701 2075 792 2105 ante
826 2069 1040 2105 adventum
1083 2067 1259 2104 (faesaris
1298 2066 1458 2105 venerit.
1518 2068 1578 2104 De

242 2130 462 2175 Lanuvino,
500 2132 631 2169 statim
671 2140 712 2170 ut
751 2132 881 2170 audivi
925 2134 1139 2170 Phameam
1184 2139 1391 2179 mortuum,
1433 2131 1575 2180 optavi,
1600 2150 1639 2179 χο

240 2195 270 2232 51
311 2196 432 2233 modo
471 2204 572 2234 esset
613 2198 739 2235 futura
778 2211 837 2235 res
876 2197 1044 2247 publica,
1087 2206 1127 2235 ut
1167 2197 1206 2235 id
1253 2196 1392 2246 aliquis
1431 2205 1577 2235 emeret

283 2308 303 2336 3
339 2299 394 2328 ille
429 2299 516 2329 idem
551 2299 668 2331 Orelli:
706 2300 761 2330 ille
792 2299 845 2330 M¹
873 2302 961 2332 (cnm
993 2301 1080 2331 idem
1107 2306 1264 2341 super-scr.
1294 2301 1335 2331 ab
1360 2299 1427 2334 M²l
1455 2312 1461 2330 z
1486 2300 1575 2330 idem

241 2341 355 2372 Romu:
383 2342 439 2372 1116
456 2343 592 2382 quidem
610 2343 731 2374 Rosius
877 2345 898 2374 8
921 2345 1117 2375 sententiae
1132 2348 1200 2375 velt.
1312 2344 1480 2374 consulari
1502 2344 1574 2373 Cor-

241 2385 365 2416 radus:
390 2387 471 2416 —aris
490 2386 530 2415 M
543 2391 614 2419 vett,
749 2398 786 2426 31
816 2393 943 2418 emeret
962 2388 981 2417 J
997 2388 1082 2418 (fimf.
1106 2388 1240 2418 Lamb.:
1269 2398 1334 2418 om.
1357 2387 1397 2417 M
