1742 2651
103 79 189 116 XV.
210 79 287 114 xix
591 80 646 116 M.
679 80 847 116 TVLLI
880 79 1187 117 CICERONIS

224 192 399 229 Brutus?
457 192 585 229 Doleo
613 204 675 228 me
699 191 876 228 hercules
906 198 943 228 te
974 197 1052 228 tarn
1083 204 1166 229 esse
1196 190 1423 239 distentum,
1445 192 1555 242 quod

222 257 362 294 decern
401 255 629 294 hominibus
671 256 918 293 referendum
964 263 1021 293 est
1060 263 1277 306 acceptum.
1348 258 1419 294 Est
1457 255 1554 295 illud

223 320 383 370 quidem
406 321 557 373 ἐργῶδες
577 321 646 358 sed
668 321 817 358 ἀνεκτὸν
837 319 1012 369 mihique
1032 319 1304 369 gratissimum.
1356 323 1417 359 De
1438 320 1554 359 armis

224 385 320 423 nihil
359 385 437 424 vidi
476 385 656 436 apertius.
719 384 930 434 Fugiamus
976 383 1091 433 igitur
1130 392 1178 431 et,
1220 393 1261 423 ut
1301 384 1367 431 ais,
1409 399 1551 423 coram.

223 451 489 500 Theophanes
525 449 620 500 quid
655 449 746 487 velit
785 448 929 487 nescio.
995 448 1207 498 Scripserat
1245 449 1349 487 enim
1388 451 1438 488 ad
1478 464 1551 488 me.
1576 463 1594 495 5

223 515 299 554 Cui
320 514 497 564 rescripsi
519 522 560 552 ut
581 514 702 564 potui.
765 513 865 551 Mihi
890 521 1021 551 autem
1052 513 1184 551 scribit
1205 514 1335 552 venire
1355 516 1405 553 ad
1431 528 1493 553 me
1513 529 1554 553 se

222 581 320 618 velle
351 587 392 618 ut
423 587 460 617 et
488 581 537 618 de
565 579 643 617 suis
674 580 789 617 rebus
817 586 855 616 et
876 579 1071 628 quaedam
1097 592 1197 627 quae
1224 580 1274 617 ad
1302 593 1364 617 me
1391 579 1555 629 pertine-

222 653 319 684 rent.
368 647 474 682 Tuas
496 644 640 682 litteras
662 651 857 693 exspecto.
904 643 1017 689 Vide,
1042 656 1200 692 quaeso,
1224 657 1272 682 116
1293 644 1389 693 quid
1410 653 1554 683 temere

224 712 299 748 fiat.

179 786 203 813 2
276 775 421 814 Statius
442 774 593 824 scripsit
614 775 663 812 ad
692 788 754 812 me
781 775 957 812 locutum
983 787 1116 811 secum
1142 787 1226 811 6556
1248 775 1296 822 Q.
1321 774 1555 812 Ciceronem
1579 791 1617 812 10

221 841 335 878 valde
366 841 640 878 adseveranter
672 853 712 877 se
745 840 841 877 haec
873 840 970 877 ferre
1004 852 1084 876 non
1117 852 1256 888 posse3
1300 847 1449 877 certum
1482 839 1555 877 sibi

222 919 306 943 esse
326 906 377 943 ad
400 907 564 942 Brutum
586 912 623 942 et
645 904 825 943 Cassium
854 903 1025 941 transire.
1088 905 1180 941 Hoc
1208 903 1313 942 enim
1334 918 1425 942 vero
1450 918 1555 942 nunc

221 970 371 1008 discere
409 983 516 1015 aveo,
555 970 631 1007 hoc
670 982 742 1019 ego
763 969 859 1018 quid
898 968 946 1006 sit
985 968 1226 1018 interpretari
1266 983 1345 1007 non
1380 982 1552 1019 possum.

223 1036 356 1073 Potest
390 1034 539 1084 aliquid
572 1034 689 1071 iratus
722 1033 909 1079 Antonio,
943 1041 1071 1083 potest
1103 1034 1265 1084 gloriam
1300 1034 1376 1072 iam
1412 1048 1553 1072 novam

221 1113 416 1149 quaerere,
440 1107 569 1149 potest
596 1106 722 1137 totum
753 1112 837 1136 esse
865 1099 1102 1150 σχεδίασμας
1131 1107 1169 1137 61
1196 1099 1380 1137 nimirum
1408 1099 1460 1137 ita
1484 1107 1551 1137 est.
1580 1115 1615 1146 15

222 1166 300 1203 Sed
335 1172 466 1202 tamen
501 1172 538 1202 et
573 1178 646 1214 ego
680 1178 814 1202 vereor
848 1172 885 1202 et
921 1172 1029 1214 pater
1068 1165 1324 1203 conturbatus
1359 1172 1440 1209 est3
1484 1164 1555 1202 scit

221 1230 326 1268 enim
348 1244 448 1279 quae
476 1229 539 1267 ille
560 1231 610 1268 de
637 1231 724 1275 hoc,
749 1243 904 1267 mecum
933 1229 1095 1279 quidem
1123 1231 1249 1278 ἄφατα
1269 1229 1375 1268 olim.
1435 1231 1556 1267 Plane

221 1294 317 1344 quid
338 1294 429 1332 velit
454 1293 597 1332 nescio.
658 1296 693 1331 A
717 1294 924 1332 Dolabella
946 1296 1132 1333 mandata
1152 1294 1310 1333 habebo
1337 1308 1438 1343 quae
1459 1294 1556 1331 mihi

221 1360 469 1406 videbuntur,
502 1359 542 1398 id
572 1367 629 1397 est
659 1359 766 1396 nihil.
830 1360 904 1398 Dic
936 1360 1042 1407 mihi,
1076 1361 1120 1399 C.
1153 1359 1350 1398 Antonius
1381 1359 1554 1398 voluitne

222 1425 303 1464 fieri
324 1424 564 1475 septemvir?
623 1424 710 1462 Fuit
735 1432 838 1462 certe
863 1424 1016 1475 dignus.
1077 1427 1139 1464 De
1162 1425 1404 1464 Menedemo
1432 1432 1490 1463 est
1513 1432 1555 1463 ut
1578 1437 1618 1459 20

221 1490 368 1529 scribis
430 1489 564 1528 Facies
586 1489 719 1527 onmia
740 1489 836 1527 mihi
857 1498 960 1528 nota.

265 1676 350 1711 XX
395 1678 466 1711 Scr.
480 1679 514 1709 in
539 1678 724 1710 Tusculano
740 1678 823 1708 inter
837 1689 880 1709 ,rv
897 1682 925 1709 ct
939 1679 977 1709 ‚ri
990 1679 1033 1709 K.
1053 1678 1164 1718 Quint.
1185 1689 1215 1710 a.
1238 1688 1296 1718 710
1313 1678 1399 1720 (44).

633 1779 804 1809 CICERO
828 1779 861 1809 A
874 1779 1011 1810 TTJCO
1033 1778 1139 1810 SAL.

186 1894 204 1920 1
278 1880 349 1930 Egi
370 1879 509 1930 gratias
524 1879 735 1927 Vettien03
766 1879 861 1917 nihil
884 1880 988 1918 enim
1011 1879 1138 1930 potuit
1161 1879 1381 1917 humanius.
1439 1879 1556 1917 Dola-

223 1946 348 1984 bellae
369 1946 556 1983 mandata
577 1944 653 1982 sint
674 1944 886 1994 quaelibet,
908 1944 1003 1982 mihi
1023 1944 1183 1994 aliquid,
1206 1945 1266 1982 vel
1288 1945 1395 1993 quod
1418 1943 1556 1981 Niciae
1578 1958 1615 1990 ²5

223 2010 412 2049 nuntiem.
473 2010 572 2059 Quis
612 2010 717 2048 enim
757 2011 864 2056 haec,
900 2018 941 2048 ut
973 2010 1119 2056 scribis,
1154 2011 1380 2049 †anteno†?
1437 2010 1556 2046 Nunc

223 2075 402 2114 dubitare
435 2089 675 2125 quemquam
709 2077 944 2125 prudentem
980 2074 1075 2124 quin
1114 2088 1224 2113 meus
1259 2074 1453 2113 discessus
1492 2075 1556 2111 de-

183 2152 207 2178 2
224 2140 454 2191 sperationis
476 2141 533 2186 511,
558 2154 638 2178 11011
659 2140 863 2190 legationis
879 2142 896 2177 ?
949 2141 1070 2189 Quod
1090 2139 1146 2177 ais
1168 2147 1339 2177 extrema
1359 2140 1554 2188 quaedam

267 2256 286 2283 4
311 2249 344 2275 et
364 2245 421 2274 s‘sz'c
443 2243 543 2274 codda
564 2249 599 2274 ut
620 2244 678 2274 ais.
707 2244 826 2274 Coram
850 2243 1081 2282 Theophanes
1106 2243 1281 2273 Lehmann
1299 2254 1306 2272 ε
1339 2241 1409 2280 sed,
1436 2246 1469 2271 ut
1490 2242 1551 2279 ais,

224 2299 346 2319 coram.
367 2288 596 2326 Theophanes
619 2286 810 2327 [Vesenberg
944 2297 980 2325 14
1006 2288 1071 2316 iam
1093 2287 1160 2316 secl.
1185 2285 1372 2324 lVesenbetg
1513 2286 1556 2314 26

223 2332 364 2368 antenol
384 2337 463 2362 :inte
481 2333 562 2361 11052
591 2331 775 2361 Corradus:
799 2329 946 2360 λεπτύνει
966 2331 1152 2371 (velpotz'us
1163 2329 1331 2368 λεπτυνεΐ)
1348 2327 1531 2359 Gronovius
1548 2340 1554 2359 :

223 2380 300 2405 ante
321 2375 435 2405 Nonas
454 2376 508 2415 (sc.
529 2374 721 2412 credidisset)
741 2372 862 2404 Gurlitt
