1742 2651
558 133 669 169 EPP.
702 133 780 168 ΑΙ)
811 133 1069 171 ATTICVM
1370 137 1437 173 IX.
1462 136 1523 172 vii
1540 149 1562 173 A

123 261 209 284 cam
232 254 338 284 tuam
368 259 454 283 esse
477 243 707 294 dignitatem
737 257 866 293 neque
896 245 1016 282 fidem
1046 244 1231 283 omnibus
1253 246 1449 295 cognitam

124 319 166 349 ut
195 319 331 349 contra
358 312 598 356 alterutrum,
620 323 711 347 cum
741 309 895 358 utrique
925 309 976 347 sis
1007 308 1175 348 maxime
1196 311 1451 357 necessarius,

122 390 229 414 arma
261 378 368 422 feras,
407 383 444 413 et
478 377 554 413 hoc
593 389 674 413 non
712 374 940 412 dubitamus
979 375 1075 424 quin
1109 377 1253 414 Caesar
1282 391 1352 427 pro
1382 392 1452 415 sua

124 441 367 479 humanitate
406 440 574 478 maxime
614 440 661 478 sit
699 440 945 490 probaturus.
1018 442 1103 479 Nos
1141 449 1283 488 tamen,
1318 442 1350 480 si
1381 442 1449 480 tibi

84 522 100 552 5
122 506 328 552 videbitur,
361 507 411 544 ad
445 507 653 544 Caesarem
688 504 904 542 scribemus
938 513 981 543 ut
1016 519 1088 543 nos
1122 506 1305 544 certiores
1333 507 1451 544 faciat

122 571 217 621 quid
237 573 281 608 de
301 572 374 609 hac
395 585 434 609 re
454 578 611 609 acturus
633 569 690 608 sit.
750 572 787 607 A
814 584 894 619 quo
922 571 952 607 si
979 570 1050 609 erit
1071 571 1185 609 nobis
1207 572 1449 622 rescriptum,

122 636 252 674 statim
274 650 374 686 quae
396 635 610 673 sentiemus
626 635 676 672 ad
693 642 731 672 te
747 635 963 672 scribemus
985 643 1023 673 et
1039 635 1109 673 tibi
1126 637 1246 674 fidem
1263 636 1453 674 faciemus

122 715 193 739 nos
233 714 278 738 ea
316 701 480 738 suadere
519 713 620 749 quae
658 699 774 737 nobis
808 699 990 737 videntur
1021 707 1111 738 tuae
1144 701 1338 750 dignitati,
1372 716 1451 738 non

123 765 300 805 Caesaris
330 765 476 803 actioni
508 778 593 803 esse
624 763 845 811 utilissima)
869 772 907 802 et
934 766 1010 803 hoc
1041 767 1253 805 Caesarem
1283 780 1354 816 pro
1385 781 1453 804 sua

66 845 103 866 10
122 830 367 880 indulgentia
388 829 427 867 in
448 843 540 868 suos
561 830 817 880 probaturum
839 837 1034 879 putamus.

767 958 809 994 B.

392 1045 459 1075 Scr.
478 1044 605 1074 Romae
621 1054 640 1074 v
656 1047 715 1073 [ml
731 1044 763 1074 iv
779 1044 826 1074 ld.
846 1044 945 1075 Marl.
966 1057 995 1076 (ι.
1020 1056 1073 1084 705
1086 1046 1172 1086 (49).

450 1120 629 1151 BALBVS
654 1120 880 1151 CICERONI
908 1121 1001 1153 IMP.
1026 1122 1125 1153 SAL.

175 1196 210 1232 S.
235 1195 281 1231 V.
307 1195 349 1230 B.
372 1195 423 1231 E.
484 1195 625 1231 Postea
645 1206 764 1243 quam
786 1192 931 1231 litteras
957 1194 1180 1232 communis
1209 1209 1301 1233 cum
1323 1195 1456 1245 Oppio
1476 1209 1491 1234 1

66 1272 100 1302 ¹5
121 1259 171 1297 ad
201 1266 238 1296 te
272 1258 376 1304 dedi,
405 1258 456 1296 ab
487 1259 654 1297 Caesare
683 1258 890 1307 epistulam
924 1259 1060 1309 accepi
1091 1259 1202 1298 cuius
1234 1263 1456 1310 exemplum

121 1323 191 1362 tibi
230 1322 343 1370 misi3
389 1337 435 1361 ex
474 1336 552 1372 qua
589 1322 808 1373 perspicere
847 1323 992 1373 poteris
1031 1338 1149 1374 quam
1198 1326 1329 1375 cupiat
1367 1340 1458 1364 con-

121 1387 295 1426 cordiam
316 1401 427 1425 suam
454 1395 492 1426 et
523 1388 687 1437 Pompei
717 1388 968 1427 reconciliare
995 1396 1033 1427 et
1057 1403 1175 1439 quam
1206 1398 1379 1429 remotus
1409 1391 1458 1429 sit

120 1455 171 1492 ab
205 1453 314 1492 omni
345 1454 601 1501 crudelitate3
642 1456 750 1504 quod
786 1468 877 1493 eum
908 1455 1065 1503 sentire,
1094 1463 1136 1493 ut
1171 1456 1310 1502 debeo,
1343 1458 1458 1496 valde

121 1521 285 1570 gaudeo.
347 1521 409 1557 De
439 1527 476 1557 te
506 1527 544 1557 et
573 1527 639 1557 tua
666 1520 744 1557 fide
771 1527 810 1558 et
837 1519 980 1569 pietate
1001 1520 1106 1558 idem
1129 1535 1191 1559 me
1213 1523 1381 1569 hercule,
1404 1522 1458 1560 mi

65 1600 103 1622 20
123 1585 274 1632 Cicero,
298 1584 425 1623 sentio
452 1585 560 1634 quod
590 1592 643 1631 tu,
667 1598 747 1622 non
775 1598 891 1634 posse
919 1592 1026 1622 tuam
1054 1587 1198 1624 samam
1226 1595 1264 1625 et
1285 1587 1457 1625 officium

122 1650 313 1688 sustinere
346 1658 389 1688 ut
422 1657 559 1687 contra
589 1663 679 1688 eum
711 1663 819 1687 arma
853 1651 952 1688 feras
985 1663 1008 1688 a
1040 1664 1119 1700 quo
1151 1659 1302 1689 tantum
1343 1653 1458 1691 bene-

122 1715 254 1753 ficium
289 1724 327 1753 te
358 1715 557 1764 accepisse
592 1714 804 1764 praedices.
866 1716 1074 1753 Caesarem
1115 1717 1191 1754 hoc
1230 1716 1335 1754 idem
1375 1727 1501 1766 pro-2

122 1782 304 1820 baturum
345 1783 588 1831 exploratum
621 1794 691 1830 pro
724 1780 905 1830 singulari
939 1780 1021 1819 eius
1054 1781 1296 1820 humanitate
1331 1782 1460 1821 habeo

123 1848 238 1897 eique
267 1847 576 1886 cumulatissime
606 1846 698 1885 satis
726 1848 918 1884 facturum
949 1855 987 1885 te
1015 1854 1121 1885 certo
1148 1847 1230 1886 scio
1259 1861 1349 1886 curn
1380 1849 1462 1886 nul-

66 1925 103 1956 25
123 1914 200 1950 lam
235 1921 385 1963 partem
420 1913 512 1952 belli
546 1922 681 1951 contra
710 1927 800 1951 eum
836 1913 1024 1962 suscipias
1056 1926 1186 1962 neque
1215 1913 1344 1952 socius
1379 1913 1462 1952 eius

123 1978 351 2016 adversariis
372 1979 499 2017 fueris.
559 1981 691 2029 Atque
719 1980 795 2017 hoc
820 1992 901 2016 non
926 1979 1053 2016 solum
1075 1978 1114 2015 in
1136 1985 1182 2025 te,
1207 1978 1272 2015 tali
1294 1986 1331 2017 et
1353 1986 1462 2017 tanto

123 2042 216 2090 viro,
240 2042 331 2080 satis
352 2043 523 2091 habebit,
548 2045 617 2082 sed
639 2044 755 2083 etiam
785 2044 880 2081 mihi
908 2043 991 2093 ipse
1018 2057 1087 2081 sua
1114 2043 1308 2081 concessit
1329 2045 1463 2081 volun-

124 2115 203 2146 tate
242 2122 291 2146 ne
330 2108 369 2146 in
409 2109 453 2146 iis
493 2109 627 2147 castris
666 2123 791 2148 essem
833 2123 934 2159 quac
973 2117 1109 2147 contra
1148 2110 1361 2147 Lentulum
1395 2117 1462 2148 aut

168 2213 189 2241 6
214 2212 255 2241 de
271 2211 347 2242 add.
369 2212 484 2242 Baiter
635 2223 650 2251 7
675 2223 762 2252 quae
781 2214 968 2243 sentiemus
986 2212 1039 2242 M*
1057 2226 1064 2244 :
1090 2224 1163 2244 cum
1183 2215 1368 2244 sentiamus
1384 2213 1435 2243 M¹
1454 2225 1462 2244 τ

125 2255 204 2294 quid
222 2256 405 2285 sentiamus
428 2255 618 2295 Wesenbmgr
718 2268 739 2296 9
763 2257 886 2287 actioni
907 2256 991 2287 CM:
1019 2258 1140 2288 rationi
1160 2257 1317 2288 Graevius
1424 2267 1460 2296 14

127 2308 153 2328 s.
174 2309 205 2329 v.
227 2309 257 2329 Β.
279 2308 307 2329 Ε.
329 2298 422 2330 edd.:
446 2300 509 2330 sub
524 2300 572 2331 Μ.
594 2300 632 2339 cs.
652 2301 708 2330 viii
731 2311 765 2331 11
780 2310 799 2331 c
971 2303 1009 2331 16
1025 2312 1091 2340 qua
1117 2302 1314 2332 Ascensz'ns:
1340 2301 1460 2340 quibus

127 2342 214 2373 codd.
325 2353 361 2381 17
387 2353 481 2374 suam
500 2343 573 2374 add.
598 2343 785 2384 lVesenchg
873 2349 907 2374 et
924 2344 979 2374 Μ2
995 2355 1002 2374 z
1028 2349 1062 2375 ut
1080 2344 1134 2375 Ml
1226 2345 1364 2384 Pompei
1383 2344 1436 2374 M¹
1452 2356 1458 2374 :

128 2384 326 2423 Pompeium
346 2385 399 2415 M²
532 2397 573 2425 24
600 2392 695 2418 certo
713 2387 756 2418 0¹
776 2387 845 2418 edd.
862 2388 1024 2427 plerique:
1055 2393 1147 2419 certe
1166 2389 1207 2418 Μ
1221 2389 1310 2429 quod
1322 2387 1461 2426 defendit

127 2428 217 2458 Neue
233 2432 239 2444 ⁴
255 2429 500 2460 Formenlelwe'
519 2430 564 2460 ii³.
583 2431 650 2461 620
783 2441 823 2470 27
849 2431 1023 2462 voluntate
1043 2431 1142 2462 CM'2:
1169 2433 1321 2463 bonitate
1340 2432 1391 2461 M¹

1310 2477 1371 2507 20*
