1742 2651
593 119 704 155 EPP.
739 117 815 154 AD
846 115 1108 154 ATTICVM
1402 115 1513 152 XIV.
1532 125 1590 151 xv

176 232 307 279 habet,
334 233 384 270 de
414 245 518 278 saxo,
548 231 585 268 in
617 243 785 276 crucem,
813 229 1040 266 columnam
1069 228 1214 272 tollere,
1239 227 1369 264 locum
1401 226 1510 264 illum

177 299 432 336 sternendum
447 299 599 335 locare!
632 295 741 345 Quid
758 294 941 344 quaeris?
970 292 1138 332 heroica.
1190 292 1400 330 Sustulisse
1416 291 1511 329 mihi

176 363 341 402 videtur
355 362 647 401 simulationem
675 359 845 399 desideri
865 361 997 397 adhuc
1021 372 1123 408 quae
1150 358 1331 408 serpebat
1352 357 1391 395 in
1412 358 1508 404 dies,

175 436 213 466 et
247 428 462 466 inveterata
495 427 657 465 verebar
696 439 746 464 ne
780 425 999 475 periculosa
1038 423 1180 461 nostris
1212 422 1508 473 tyrannoctonis

138 507 154 537 5
175 501 287 531 esset.
340 495 458 531 Nunc
474 506 630 543 prorsus
651 491 852 530 adsentior
868 489 944 528 tuis
960 489 1097 527 litteris
1117 502 1313 539 speroque
1333 488 1505 526 meliora.
1527 494 1551 522 2
1573 492 1628 532 (3)

176 560 430 608 Quamquam
451 558 545 596 istos
566 559 664 596 ferre
686 570 766 594 non
788 569 950 606 possum
971 554 1050 604 qui,
1069 556 1165 593 dum
1187 567 1229 592 se
1249 567 1388 604 pacem
1409 555 1508 591 velle

174 622 370 670 simulant,
393 632 481 662 acta
506 622 652 661 nefaria
677 623 907 660 defendunt.
968 621 1047 658 Sed
1075 633 1157 657 non
1184 626 1351 669 possunt
1375 619 1509 657 onmia

175 688 301 726 simul.
363 688 507 738 Incipit
537 702 596 726 res
635 687 775 725 melius
810 686 864 724 ire
896 699 1015 735 quam
1051 692 1241 734 putaram.
1302 685 1388 722 Nec
1418 698 1510 722 vero

175 752 379 791 discedam
404 753 479 791 nisi
507 766 597 790 cum
626 760 667 790 tu
698 765 761 789 me
788 751 828 788 id
858 752 1025 788 honeste
1049 749 1206 799 putabis
1232 750 1360 787 facere
1381 762 1508 799 posse.

116 832 155 853 10
176 820 298 855 Bruto
330 826 434 856 certe
473 831 563 855 meo
603 819 711 855 nullo
750 818 840 854 loco
879 817 998 853 deero
1030 813 1162 864 idque,
1195 814 1312 851 etiam
1348 812 1378 850 si
1415 813 1510 851 mihi

174 897 263 920 cum
296 882 361 920 illo
392 883 488 921 nihil
519 883 665 929 fuisset,
689 883 858 920 facerem
889 887 1047 930 propter
1076 879 1159 917 eius
1191 879 1425 929 singularem
1457 878 1511 916 in-

173 948 484 998 credibilemque
504 948 698 985 virtutem.

228 1013 348 1052 Piliae
379 1022 535 1051 nostrae
563 1013 694 1051 villam
723 1019 846 1050 totam
876 1024 1058 1061 quaeque
1088 1010 1127 1048 in
1155 1011 1245 1048 villa
1275 1018 1365 1048 sunt
1396 1011 1507 1048 trado
1528 1017 1552 1054 3
1576 1012 1623 1053 χώ

173 1078 212 1116 in
240 1079 529 1129 Pompeianum
559 1078 642 1128 ipse
673 1077 926 1128 proficiscens
959 1078 1008 1114 K.
1040 1076 1169 1114 Maiis.
1231 1078 1362 1125 Quam
1390 1076 1505 1114 velim

116 1155 152 1187 15
174 1146 296 1183 Bruto
316 1146 554 1195 persuadeas
579 1151 621 1182 ut
642 1145 809 1182 Asturae
834 1142 905 1181 sit!

172 1291 281 1326 XVI
327 1293 394 1326 δον.
416 1296 448 1326 ιἰι
466 1294 649 1326 Puteolano
664 1294 729 1325 sive
745 1294 846 1324 hortis
865 1293 1032 1324 Clnvt'ant's
1048 1304 1068 1324 v
1083 1292 1168 1324 Non.
1188 1292 1268 1324 Mai.
1290 1304 1320 1324 a.
1343 1303 1399 1331 710
1419 1292 1504 1332 ζᾳᾳ).

581 1383 750 1414 CICERO
780 1382 962 1412 ATTICO
991 1380 1094 1413 SAL.

226 1486 249 1510 v
283 1475 420 1511 Nonas
452 1474 725 1511 conscendens
757 1472 807 1510 ab
839 1471 960 1509 hortis
994 1470 1194 1510 Cluvianis
1230 1471 1268 1508 in
1300 1473 1504 1522 phaselum
1530 1481 1546 1508 1

171 1539 381 1589 epicopum
416 1540 485 1576 has
515 1537 608 1576 dedi
642 1537 801 1585 litteras,
830 1550 921 1574 cum
953 1536 1074 1574 Piliae
1108 1543 1263 1574 nostrae
1293 1536 1423 1574 villam
1454 1538 1504 1574 ad

112 1618 151 1638 20
172 1603 400 1651 Lucrinum,
417 1603 562 1648 vilicos,
582 1609 852 1652 procuratores
873 1600 1132 1639 tradidissem.
1193 1602 1284 1650 Ipse
1304 1608 1436 1639 autem
1458 1616 1506 1639 eo

170 1668 234 1707 die
274 1668 314 1706 in
355 1668 463 1706 Paeti
503 1667 625 1705 nostri
664 1666 944 1716 tyrotarichum
974 1665 1259 1712 imminebamg
1301 1666 1507 1716 perpaucis

169 1733 309 1771 diebus
330 1733 370 1770 in
393 1731 692 1781 Pompeianum,
715 1738 805 1781 post
833 1730 873 1768 in
904 1732 1002 1768 haec
1030 1732 1247 1768 Puteolana
1267 1739 1304 1769 et
1326 1732 1507 1770 Cumana

169 1812 287 1848 regna
311 1797 544 1847 renavigare.
605 1797 641 1834 O
662 1798 750 1833 loca
776 1795 977 1846 ceteroqui
998 1797 1111 1833 valde
1139 1797 1368 1845 expetenda,
1392 1796 1506 1835 inter-

169 1862 399 1913 pellantium
420 1870 553 1899 autem
574 1860 826 1898 multitudine
846 1874 972 1910 paene
992 1860 1178 1910 fugienda
1197 1864 1203 1898 !

112 1940 149 1971 25
223 1928 302 1965 Sed
339 1928 390 1964 ad
430 1940 511 1964 rem
551 1933 593 1963 ut
631 1925 797 1973 veniam,
831 1938 856 1962 o
890 1926 1121 1963 Dolabellae
1160 1925 1282 1963 nostri
1321 1934 1548 1975 magnamz

169 1993 386 2042 ἀριστείανέ
445 1992 606 2039 Quanta
649 1997 708 2027 est
753 1991 1032 2039 ἀναθεώρησιςὶ
1109 1989 1306 2040 Equidem
1345 1992 1504 2030 laudare

169 2071 259 2095 eum
291 2064 329 2095 et
363 2055 508 2094 hortari
540 2069 621 2093 non
653 2055 811 2093 desisto.
873 2057 998 2093 Recte
1032 2062 1074 2093 tu
1109 2055 1294 2093 omnibus
1329 2056 1504 2105 epistulis

169 2123 363 2172 significas
394 2122 489 2172 quid
520 2122 570 2159 de
600 2134 650 2168 re,
677 2120 773 2170 quid
804 2122 853 2159 de
883 2121 965 2158 viro
995 2121 1149 2158 sentias.
1211 2120 1312 2158 Mihi
1342 2121 1502 2170 quidem

169 2186 322 2224 videtur
353 2189 495 2224 Brutus
526 2194 658 2223 noster
682 2185 759 2222 iam
787 2187 847 2223 vel
875 2199 1062 2223 coronam
1091 2199 1248 2223 auream
1279 2199 1347 2235 per
1376 2187 1503 2224 forum

222 2291 242 2319 8
266 2301 320 2320 res
337 2313 344 2320 .
365 2313 373 2320 .
393 2314 400 2321 .
422 2294 577 2328 putaram
593 2299 659 2318 om.
678 2287 728 2317 *Ml
855 2289 894 2318 18
918 2299 953 2318 vx
971 2287 1072 2318 Ruele
1161 2288 1267 2318 hortis
1283 2291 1311 2318 cl
1327 2288 1376 2317 lzic
1390 2292 1417 2317 ct
1433 2288 1503 2318 xiii.

170 2335 220 2371 46.
238 2344 258 2372 3
274 2336 433 2373 suspectat
448 2331 535 2362 Reid
630 2342 671 2361 20
695 2332 816 2361 eodem
834 2333 887 2362 die
905 2333 986 2363 coni.
1009 2331 1131 2362 Miilt‘cr
1227 2342 1267 2370 23
1294 2332 1503 2370 renavigare.

171 2377 200 2406 O
213 2376 266 2425 ΜΖ
283 2388 309 2407 v.
328 2375 619 2451 chrenavigareo
639 2375 691 2404 M¹
709 2386 715 2405 z
742 2376 951 2415 renavigaro.
999 2375 1029 2406 O
1043 2374 1166 2405 Rosius
1181 2375 1267 2416 vulg.
1282 2387 1287 2405 ;
1311 2375 1504 2414 renavigare

174 2422 256 2460 (stne
273 2421 318 2461 O)
