1742 2651
102 94 209 134 XVI.
230 96 275 132 vi
612 97 666 133 M.
700 97 867 134 TVLLI
899 97 1205 136 CICERONIS

236 207 503 245 meminissem
526 221 588 245 me
615 207 782 245 abusum
806 207 880 245 isto
908 208 1151 256 prohoemio,
1175 208 1326 247 conieci
1355 208 1394 247 id
1415 208 1453 246 in
1475 223 1566 247 eum

234 271 377 310 librum
420 286 538 322 quem
579 271 649 309 tibi
696 271 793 309 misi.
873 273 976 311 Cum
1015 280 1146 310 autem
1187 272 1227 310 in
1266 273 1354 310 navi
1398 275 1565 323 legerem

235 338 511 385 Academicos,
531 337 701 387 adgnovi
723 345 891 375 erratum
914 351 1057 375 meum.
1105 339 1245 388 Itaque
1266 338 1396 376 statim
1418 352 1565 377 novum

234 403 510 454 prohoemium
540 401 691 441 exaravi
714 410 752 440 et
779 402 849 440 tibi
878 402 975 440 misi.
1035 405 1098 440 Tu
1126 402 1223 441 illud
1250 403 1465 450 desecabis,
1489 405 1565 442 hoc

234 468 508 518 adglutinabis.
570 467 690 506 Piliae
711 469 876 507 salutem
898 467 1006 507 dices
1028 476 1066 506 ct
1086 468 1252 516 Atticae,
1275 468 1426 507 deliciis
1446 476 1565 518 atque
1586 480 1603 511 5

233 533 433 572 amoribus
455 533 562 571 meis.

276 642 368 677 VII
413 645 550 686 Scmpsz'l
560 645 725 686 naivzgans
741 645 788 675 ad
801 645 1043 685 Pompeianum
1061 645 1117 675 xiv
1133 644 1175 676 K.
1193 644 1282 686 Sept.
1300 656 1330 676 a.
1354 654 1411 684 710
1428 644 1518 685 (44).

649 721 819 752 CICERO
842 721 1021 751 ATTICO
1043 720 1149 752 SAL.

196 810 213 837 1
286 807 358 831 ΠΜ
390 796 485 832 Idus
510 793 639 833 Sextil.
664 807 754 831 cum
782 808 804 831 a
833 795 1080 843 Leucopetra
1104 795 1301 843 profectus
1324 793 1433 844 (inde
1457 793 1563 833 enim

231 859 513 908 tramittebam)
534 858 660 897 stadia
684 858 835 896 circiter
864 870 938 896 666
970 858 1259 907 processissem,
1283 858 1449 897 reiectus
1475 872 1562 896 sum
1586 875 1624 897 10

229 932 360 962 austro
385 923 609 962 vehementi
635 925 685 961 ad
714 924 882 961 eandem
914 924 1212 973 Leucopetram.
1275 924 1336 961 Ibi
1363 937 1453 961 cum
1475 938 1564 962 ven-

230 997 312 1027 tum
335 996 599 1039 exspectarem
616 987 712 1037 (erat
733 988 838 1026 enim
856 987 946 1025 villa
961 987 1092 1026 Valeri
1114 988 1247 1035 nostri,
1264 996 1305 1027 ut
1326 988 1564 1027 familiariter

229 1068 356 1094 essem
396 1062 433 1093 ct
472 1054 668 1104 libenter),
709 1052 850 1102 Regini
885 1052 1048 1102 quidam
1089 1052 1255 1091 illustres
1295 1053 1476 1091 homines
1515 1068 1564 1092 eo

229 1127 420 1158 venerunt
456 1121 586 1157 Roma
624 1131 717 1156 sane
752 1125 940 1165 recentes,
978 1117 1017 1155 in
1048 1117 1094 1156 iis
1126 1117 1235 1155 Bruti
1266 1118 1388 1156 nostri
1418 1119 1562 1168 hospes

229 1185 295 1235 qui
319 1187 482 1223 Brutum
506 1183 674 1234 Neapoli
695 1183 924 1233 reliquisset.
988 1185 1102 1221 Haec
1122 1183 1362 1229 adferebant,
1387 1183 1561 1222 edictum
1585 1199 1621 1229 15

230 1249 339 1288 Bruti
379 1257 417 1288 et
452 1249 573 1295 Cassi,
608 1256 647 1287 et
680 1249 762 1287 fore
797 1250 1043 1298 frequentem
1077 1255 1258 1286 senatum
1300 1248 1503 1295 Kalendis,
1539 1262 1563 1287 a

231 1318 353 1354 Bruto
378 1322 415 1353 et
445 1313 584 1354 Cassio
613 1313 758 1352 litteras
790 1313 927 1351 missas
956 1314 1007 1351 ad
1038 1312 1253 1351 consularis
1280 1321 1318 1351 et
1347 1313 1562 1363 praetorios

229 1389 272 1419 ut
304 1382 489 1419 adessent
526 1393 671 1429 rogare.
731 1381 935 1418 Summam
975 1392 1086 1429 spem
1126 1377 1362 1416 nuntiabant
1400 1379 1482 1417 fore
1520 1386 1562 1416 ut

229 1445 427 1485 Antonius
458 1447 625 1492 cederet,
657 1458 717 1483 res
746 1443 984 1491 conveniret,
1016 1442 1138 1482 nostri
1171 1445 1343 1482 Romam
1378 1443 1558 1482 redirent.

230 1511 445 1550 Addebant
466 1510 583 1549 etiarn
605 1523 668 1548 me
689 1509 915 1557 desiderari,
937 1508 1198 1547 subaccusari.
1581 1523 1622 1544 20

285 1578 399 1626 Quae
433 1589 523 1614 cum
557 1574 768 1621 audissem,
800 1574 884 1612 sine
918 1576 998 1613 ulla
1031 1574 1280 1613 dubitatione
1313 1574 1440 1613 abieci
1471 1588 1561 1613 con-

231 1641 360 1680 silium
389 1641 641 1692 profectionis
666 1654 745 1690 quo
771 1654 833 1678 me
858 1642 1016 1679 hercule
1050 1654 1099 1679 ne
1130 1648 1246 1678 antea
1270 1640 1430 1690 quidem
1459 1642 1562 1679 dele-

188 1720 214 1748 2
231 1708 374 1746 ctabar.
436 1706 565 1744 Lectis
586 1719 677 1744 vero
698 1705 773 1743 tuis
801 1705 937 1744 litteris
962 1706 1177 1744 admiratus
1198 1705 1384 1755 equidem
1411 1720 1498 1744 sum
1523 1714 1561 1744 te

231 1779 310 1810 tam
345 1773 598 1810 vehementer
639 1770 875 1809 sententiam
920 1779 1196 1817 commutasse,
1237 1772 1307 1809 sed
1352 1785 1432 1809 non
1477 1771 1561 1809 sine

229 1851 348 1876 causa
375 1837 599 1875 arbitrabar.
661 1836 756 1883 Etsi,
789 1837 967 1887 quamvis
998 1850 1078 1875 non
1108 1836 1225 1874 fueris
1260 1850 1395 1874 suasor
1425 1844 1463 1874 et
1492 1836 1560 1874 im·
1583 1849 1618 1879 25

229 1905 361 1953 pulsor
381 1901 634 1952 profectionis
656 1916 778 1948 meae,
801 1903 1041 1953 adprobator
1061 1910 1165 1940 certe
1186 1901 1302 1949 fuisti,
1321 1903 1416 1940 dum
1438 1903 1559 1940 modo

230 1969 318 2006 Kal.
343 1969 425 2006 Ian.
452 1969 604 2005 Romae
626 1981 764 2006 essem.
827 1969 888 2005 Ita
908 1967 1027 2005 fiebat
1048 1974 1101 2013 ut,
1124 1968 1220 2005 dum
1242 1966 1371 2004 minus
1398 1965 1560 2015 periculi

227 2033 432 2080 videretur,
455 2034 650 2080 abessem,
672 2033 710 2071 in
732 2035 932 2071 flammam
952 2032 1078 2082 ipsam
1099 2031 1284 2071 venirem.
1344 2032 1422 2069 Sed
1448 2032 1557 2077 haec,

227 2098 345 2138 etiam
366 2098 397 2137 si
419 2113 498 2138 non
520 2101 742 2150 prudenter,
759 2105 891 2136 tamen
912 2099 1123 2147 ἀνεμέσητα
1142 2104 1246 2144 sunt,
1260 2096 1428 2146 primum
1450 2097 1558 2146 quod

228 2166 279 2203 de
300 2178 387 2203 mea
407 2165 603 2204 sententia
622 2173 710 2203 acta
730 2172 830 2211 sunt,
854 2164 999 2203 deinde
1020 2164 1137 2202 etiam
1159 2163 1190 2202 si
1211 2171 1249 2202 te
1269 2171 1441 2210 auctore,
1462 2163 1558 2212 quid
1579 2174 1618 2205 30

185 2231 349 2279 3debet
383 2230 450 2280 qui
486 2230 693 2269 consilium
733 2231 799 2268 dat
833 2237 1027 2279 praestare
1059 2235 1210 2279 praeter
1247 2229 1397 2266 fidem?
1454 2228 1558 2265 Illud

273 2346 291 2375 5
315 2335 457 2366 salutem
473 2335 581 2376 dices]
595 2335 629 2366 S.
645 2335 684 2365 D.
703 2333 744 2363 M
860 2344 897 2363 12
922 2334 1058 2364 suberat
1075 2333 1151 2363 coni.
1170 2331 1292 2362 lllz'iller
1404 2341 1440 2370 17
1461 2331 1559 2372 prius

226 2384 260 2412 et
278 2379 353 2411 M²z
377 2390 443 2410 om.
463 2379 519 2409 Ml
671 2379 709 2408 18
734 2388 853 2416 rogare
871 2377 927 2408 dcl.
946 2376 1032 2407 Reid
