1742 2651
602 133 713 169 EPP.
747 132 823 167 AD
853 130 1111 168 ATTICVM
1424 128 1519 164 XII.
1542 126 1635 163 xliv

249 246 333 293 Ego
354 243 416 281 hic
443 244 524 281 duo
550 255 690 291 magna
709 242 952 292 συντάγματα
977 239 1126 277 absolvi
1147 253 1153 279 ς
1183 240 1291 276 nullo
1315 237 1419 276 enim
1445 238 1522 275 alio
1540 247 1566 283 4

195 310 316 347 modo
335 323 358 346 a
379 307 532 346 miseria
552 306 661 356 quasi
692 308 869 345 aberrare
897 319 1068 356 possum.
1129 306 1190 342 Tu
1213 303 1320 350 mihi,
1344 303 1460 341 etiam
1492 302 1521 340 si
1542 292 1626 330 (XLV
1644 290 1675 329 Ι)

194 373 290 411 nihil
311 373 381 412 erit
402 373 509 422 quod
526 371 683 417 scribas,
706 373 814 420 quod
842 373 923 409 fore
950 370 1003 407 ita
1023 369 1150 415 video,
1174 377 1305 407 tamen
1328 368 1367 406 id
1396 368 1523 417 ipsum

194 438 340 476 scribas
361 437 476 475 velim
507 445 544 475 te
575 435 670 474 nihil
703 436 886 474 habuisse
916 436 1024 485 quod
1055 434 1256 481 scriberes,
1277 435 1372 472 dum
1405 434 1525 471 inodo

156 519 171 548 5
196 517 244 541 ne
266 503 324 540 his
346 502 484 541 verbis.

240 647 362 682 XLV
466 649 534 682 ΞΝ.
555 650 588 680 in
611 649 799 680 Tusculano
814 650 872 680 xvi
886 649 928 680 K.
950 649 1026 680 Imz.
1043 659 1074 680 a.
1099 659 1157 688 709
1173 648 1255 689 (45).

602 737 775 767 CICERO
804 736 986 767 ATTICO
1017 735 1124 767 SAL.

253 830 314 866 De
346 827 478 866 Attica
511 827 670 877 optime.
729 826 882 876 Ἀκηδία
916 834 982 864 tua
1015 840 1077 864 me
1109 832 1251 870 movet,
1286 823 1357 862 etsi
1393 823 1528 862 scribis
1550 830 1599 871 (2)
1626 831 1642 857 1

196 894 293 931 nihil
342 907 437 932 esse.
510 895 557 931 In
595 894 824 930 Tusculano
863 906 910 930 eo
950 891 1200 930 commodius
1239 903 1305 928 ero
1344 891 1452 939 quod
1491 897 1528 927 et

142 972 178 993 10
196 958 368 996 crebrius
396 968 481 996 tuas
512 958 655 996 litteras
684 957 875 1007 accipiam
906 965 943 995 et
973 965 1011 995 te
1041 957 1170 1007 ipsum
1201 969 1281 994 non
1311 969 1527 1005 numquam

196 1023 341 1062 videbo
358 1038 366 1069 ;
395 1037 486 1060 nam
509 1023 707 1072 ceteroqui
729 1023 945 1072 ἀνεκτότερα
965 1031 1074 1060 erant
1095 1024 1272 1059 Asturae.
1325 1022 1409 1059 Nec
1431 1022 1527 1058 haec

196 1102 297 1138 quae
327 1088 507 1126 refricant
537 1088 599 1126 hic
630 1102 692 1126 me
723 1088 845 1138 magis
874 1096 1023 1137 angunt
1040 1103 1048 1134 ς
1079 1087 1151 1125 etsi
1181 1095 1324 1133 tamen,
1352 1086 1528 1124 ubicum-

197 1168 275 1204 que
303 1167 401 1200 sum,
426 1153 490 1191 illa
516 1161 606 1191 sunt
636 1167 803 1191 mecum.
864 1155 926 1191 De
954 1154 1121 1191 Caesare
1142 1151 1272 1190 vicino
1299 1151 1526 1201 scripseram
1548 1163 1553 1186 ε

196 1221 248 1257 ad
269 1227 316 1265 te,
341 1219 433 1268 quia
453 1232 662 1268 cognoram
686 1233 732 1257 ex
752 1218 828 1256 tuis
856 1218 1001 1256 litteris.
1063 1220 1166 1255 Eum
1195 1220 1354 1256 ο-ύιιναον
1374 1215 1529 1265 Quirini

141 1296 177 1327 15
198 1285 302 1322 malo
323 1297 440 1334 quarn
470 1283 622 1321 Salutis.
681 1285 744 1321 Tu
765 1297 856 1321 vero
884 1284 1068 1333 pervulga
1100 1282 1286 1320 Hirtium.
1348 1283 1396 1319 Id
1425 1280 1528 1318 enim

198 1348 327 1398 ipsum
349 1357 527 1398 putaram
550 1349 657 1398 quod
690 1347 839 1395 scribis,
864 1356 905 1386 ut
927 1362 1017 1386 cum
1040 1347 1242 1397 ingenium
1267 1346 1383 1385 amici
1405 1345 1528 1384 nostri

199 1414 438 1464 probaretur,
461 1413 636 1454 ὑπόθεσις
656 1413 902 1464 vituperandi
925 1413 1088 1452 Catonis
1110 1412 1350 1451 inrideretur.

1565 1164 1583 1192 Lo

1588 1154 1599 1193 &a

1626 1159 1649 1186 10

242 1559 388 1594 XLVI
544 1561 616 1592 Scr.
634 1561 779 1592 Asturae
793 1561 841 1592 Id.
865 1561 946 1592 Maz.
966 1572 995 1592 a.
1019 1572 1076 1601 709
1096 1563 1177 1600 (45⁸.

607 1650 777 1681 CICERO
804 1650 986 1681 ATTICO
1015 1649 1119 1681 SAL.

141 1754 180 1774 20
252 1738 432 1785 Vincam,
464 1738 614 1788 opinor,
646 1738 822 1776 animum
852 1746 889 1776 et
921 1738 1099 1776 Lanuvio
1128 1751 1286 1788 pergam
1317 1737 1355 1775 in
1381 1740 1529 1776 Tuscu·
1547 1749 1564 1776 1

198 1804 343 1841 lanum.
403 1805 483 1840 Aut
504 1803 610 1841 enim
636 1802 731 1840 mihi
752 1803 791 1840 in
821 1810 1055 1853 perpetuum
1076 1803 1200 1841 fundo
1228 1803 1295 1840 illo
1315 1803 1529 1840 carendum

198 1876 257 1906 est
278 1868 387 1918 (nam
417 1869 530 1906 dolor
558 1867 663 1906 idem
692 1867 879 1915 manebit,
898 1875 1051 1906 tantum
1083 1869 1204 1905 modo
1234 1867 1443 1918 occultius)
1464 1875 1531 1905 aut

200 1932 334 1970 nescio
355 1932 450 1982 quid
481 1931 631 1969 intersit
658 1939 788 1969 utrum
810 1931 901 1969 illuc
927 1945 1032 1969 nunc
1053 1931 1210 1970 veniam
1236 1945 1287 1969 an
1311 1933 1361 1970 ad
1391 1933 1530 1970 decem

201 2010 338 2035 annos.
399 1998 543 2046 Neque
578 1995 683 2034 enim
715 1995 788 2033 ista
822 1995 946 2033 maior
976 1996 1198 2034 admonitio
1230 2010 1348 2046 quarn
1388 1996 1531 2046 quibus

144 2077 182 2107 25
202 2062 367 2100 adsidue
387 2061 576 2099 conficior
596 2068 634 2098 et
655 2060 738 2098 dies
765 2068 803 2099 et
824 2069 973 2099 noctes.
1035 2064 1042 2080 ‘
1060 2061 1170 2110 Quid
1194 2075 1285 2111 ergo
1299 2063 1335 2099 ?'
1365 2061 1529 2111 inquieS‚

204 2127 325 2164 ‘nihil
346 2127 546 2164 litterae?'
578 2127 626 2163 In
653 2127 726 2164 hac
747 2126 908 2175 quidem
934 2140 973 2164 re
995 2140 1129 2164 vereor
1150 2140 1199 2165 ne
1226 2126 1344 2165 etiam
1373 2134 1531 2173 contrag

247 2241 279 2259 11
307 2230 477 2268 ceteroqui
503 2228 562 2258 M:
603 2233 714 2259 cetera
740 2228 875 2268 quidem
909 2229 1007 2259 Rom.
1026 2229 1048 2258 I
1242 2230 1314 2261 Nec
1347 2231 1408 2261 M:
1443 2241 1531 2260 nunc

201 2273 368 2303 Corradus
457 2274 540 2303 haec
559 2297 565 2302 .
588 2297 594 2303 .
613 2295 620 2302 .
638 2277 767 2310 angunt
792 2271 915 2302 Lucilio
939 2273 1084 2302 attribuit
1106 2273 1189 2304 Ellis
1325 2285 1362 2313 14
1388 2274 1531 2312 Quirino

201 2341 208 2347 .
231 2340 238 2347 .
257 2341 264 2347 .
286 2317 392 2347 Saluti
412 2311 457 2345 Zb
471 2327 501 2346 v.
521 2327 542 2346 c.
680 2325 716 2354 15
742 2315 908 2356 Hirtium]
930 2315 1019 2345 Hirti
1037 2316 1154 2346 librum
1193 2316 1383 2358 lVesenbm‘g
1491 2327 1531 2347 22

199 2360 365 2390 occultius
382 2360 437 2390 Fr.
459 2358 506 2390 W.
528 2358 702 2389 Sslnnsdl:
731 2360 838 2389 octius
855 2358 902 2399 M,
924 2359 958 2398 cf.
979 2366 1058 2390 exto
1072 2366 1134 2399 pro
1152 2361 1287 2391 exculto
1312 2362 1346 2393 (Ἰ,
1373 2372 1383 2390 1
1404 2361 1491 2399 infra
1526 2372 1532 2391 ε

202 2403 331 2434 coctius
347 2414 425 2434 com.
447 2403 569 2443 Tyrrell
