1742 2651
111 1002 150 1024 10

106 1651 147 1673 20

106 1974 145 2006 25

591 140 702 176 EPP.
736 139 812 175 AD
843 138 1101 177 ATTICVM
1466 142 1512 178 X.
1537 140 1613 177 xiii

173 252 352 289 Ocellam
374 258 411 288 ct
431 259 582 289 ceteros
603 251 723 288 credo
744 251 968 288 retardatos.
1029 252 1088 287 Tc
1109 264 1269 299 quoque
1290 265 1312 288 a
1331 251 1504 290 Curione

172 315 353 365 impediri
375 315 500 354 video.
562 315 656 363 Etsi,
680 323 719 353 ut
741 315 890 365 opinor,
915 315 1061 356 habes†
1085 319 1408 354 EKITAONON.

215 494 324 529 XIV
458 497 527 529 Scr.
549 497 582 528 in
602 498 754 529 Cumano
772 497 828 528 viii
841 497 890 529 Id.
911 497 991 529 Mai.
1011 508 1040 528 a.
1061 507 1116 537 705
1134 499 1219 539 (49).

587 584 759 616 CICERO
782 584 963 615 ATTICO
985 584 1089 616 SAL.

225 664 260 702 O
286 663 405 701 vitam
431 663 612 701 miseram
638 663 843 712 maiusque
864 664 1011 700 malum
1033 671 1111 700 tam
1134 663 1202 701 diu
1224 664 1360 702 timere
1381 677 1499 713 quam
1523 678 1540 705 1

169 737 227 766 est
259 728 356 766 illud
388 728 517 778 ipsum
549 729 657 778 quod
689 727 869 765 timetur!
928 727 1093 775 Servius
1128 736 1170 766 ut
1200 737 1317 767 antea
1350 729 1497 778 scripsi,

169 807 260 830 cum
294 793 465 831 venisset
500 793 628 831 Nonis
664 792 792 839 Maiis,
828 793 1016 842 postridie
1048 794 1098 831 ad
1134 807 1196 832 me
1231 808 1346 832 mane
1381 794 1496 832 venit.

170 859 232 895 Ne
271 857 418 895 diutius
457 866 494 895 te
528 866 698 905 teneam,
732 857 875 895 nullius
910 858 1049 895 consili
1083 858 1228 896 exitum
1264 859 1495 897 invenimus.

170 923 401 972 Numquam
450 922 532 961 Vidi
580 921 783 960 hominem
826 922 1150 971 perturbatiorem
1191 931 1321 971 metu;
1369 938 1499 974 neque

170 988 328 1025 hercule
345 986 558 1037 quicquam
579 986 743 1025 timebat
759 988 867 1036 quod
888 1000 969 1025 non
991 995 1092 1025 esset
1112 987 1332 1026 timendum
1349 1003 1358 1035 3
1388 988 1497 1026 illurn

168 1051 243 1089 sibi
274 1051 425 1098 iratum,
461 1053 566 1089 hunc
598 1065 679 1089 non
712 1051 910 1098 amicum3
948 1051 1175 1090 horribilem
1211 1052 1412 1102 utriusque
1446 1053 1497 1091 vi-

167 1116 331 1154 ctoriam
348 1130 439 1154 cum
455 1124 614 1166 propter
628 1116 785 1154 alterius
803 1116 1086 1163 crudelitatem,
1102 1117 1259 1155 alterius
1275 1118 1494 1165 audaciam,

166 1189 250 1219 turn
272 1190 430 1232 propter
450 1181 651 1231 utriusque
672 1181 943 1220 difficultatem
970 1182 1259 1231 pecuniariam3
1290 1196 1390 1232 quae
1415 1183 1497 1222 erui

166 1260 362 1296 nusquam
383 1246 525 1284 nisiex
549 1246 787 1296 privatorum
815 1246 930 1284 bonis
957 1255 1100 1296 posset.
1160 1249 1292 1297 Atque
1320 1249 1416 1286 haec
1444 1247 1497 1285 ita

110 1327 120 1348 1
167 1311 298 1349 multis
333 1325 424 1349 cum
459 1311 628 1349 lacrimis
667 1311 902 1360 loquebatur
939 1319 981 1348 ut
1020 1325 1092 1361 ego
1127 1312 1284 1350 mirarer
1317 1326 1382 1350 eas
1416 1320 1495 1350 tarn

166 1376 351 1414 diuturna
386 1376 540 1415 miseria
572 1390 653 1415 non
689 1376 892 1414 exaruisse.
955 1377 1056 1414 Mihi
1091 1377 1252 1426 quidem
1283 1378 1399 1416 etiam
1430 1378 1498 1428 lip-

166 1441 305 1490 pitudo
327 1443 435 1488 haec,
460 1450 618 1491 propter
645 1455 764 1491 quam
793 1455 873 1479 non
902 1441 984 1491 ipse
1011 1443 1061 1479 ad
1089 1450 1127 1479 te
1151 1442 1290 1489 scribo,
1314 1442 1397 1480 sine
1421 1444 1499 1480 ulla

166 1507 324 1544 lacrima
354 1515 411 1545 est
437 1508 506 1545 sed
535 1507 690 1557 saepius
719 1507 857 1545 odiosa
882 1514 939 1544 est
967 1514 1124 1556 propter
1147 1507 1305 1556 vigilias.
1366 1509 1497 1556 Quam
1517 1519 1543 1547 2

166 1572 218 1609 ob
257 1586 338 1611 rem
373 1573 563 1623 quicquid
604 1574 726 1611 habes
765 1574 815 1610 ad
851 1573 1139 1610 consolandum
1174 1572 1328 1622 conlige
1362 1580 1400 1610 et
1434 1573 1497 1610 illa

166 1637 292 1676 scribe
324 1652 404 1676 non
437 1653 484 1677 ex
516 1638 696 1677 doctrina
730 1651 859 1687 neque
894 1651 940 1675 ex
974 1637 1081 1675 libris
1115 1636 1225 1687 (nam
1260 1638 1299 1676 id
1335 1637 1495 1687 quidem

165 1703 275 1740 domi
308 1711 376 1750 est,
412 1705 482 1743 sed
516 1704 651 1742 nescio
682 1717 762 1753 quo
794 1704 916 1741 modo
947 1702 1180 1741 imbecillior
1211 1710 1268 1740 est
1300 1703 1497 1741 medicina

164 1781 283 1816 quarn
305 1769 494 1819 morbus),
518 1770 615 1806 haec
636 1768 766 1818 potius
788 1767 976 1817 conquire
1001 1768 1051 1805 de
1077 1767 1293 1817 Hispaniis,
1316 1769 1366 1806 de
1392 1770 1494 1806 Mas-

164 1832 271 1879 silia;
301 1847 402 1883 quae
423 1833 585 1883 quidem
607 1833 698 1871 satis
720 1833 823 1871 bella
850 1832 1004 1871 Servius
1029 1833 1154 1870 adfert
1169 1847 1178 1879 3
1208 1833 1275 1882 qui
1300 1833 1417 1871 etiam
1445 1835 1495 1871 de

163 1898 319 1936 duabus
339 1898 559 1948 legionibus
586 1900 807 1937 luculentos
832 1905 1011 1936 auctores
1040 1911 1125 1935 esse
1152 1897 1320 1936 dicebat.
1381 1901 1495 1937 Haec

164 1961 279 2011 igitur
305 1963 336 2001 si
360 1964 525 2002 habebis
547 1971 584 2001 et
605 1963 706 2001 talia.
768 1965 818 2001 Et
839 1962 1000 2012 quidem
1022 1962 1157 2012 paucis
1178 1963 1318 2001 diebus
1345 1964 1494 2013 aliquid

163 2028 288 2066 audiri
308 2042 469 2067 necesse
490 2037 557 2066 est.

216 2094 295 2132 Sed
324 2095 443 2132 redeo
473 2095 523 2131 ad
554 2093 741 2131 Servium.
803 2092 1038 2130 Distulimus
1070 2093 1233 2131 omnino
1268 2107 1487 2133 sermonem
1511 2106 1535 2143 3

208 2208 221 2227 1
249 2198 399 2228 Curione
419 2198 556 2228 Gm·lz'tl:
584 2198 690 2228 Curto
710 2198 768 2228 M:
796 2198 915 2228 Curtio
938 2196 1012 2227 Vict.
1156 2208 1175 2227 2
1200 2197 1338 2228 ἔκπλουν
1357 2199 1491 2230 Baiter:

162 2241 274 2271 exitus
297 2241 442 2280 ἐξουσίαν
468 2241 608 2279 Tyrrell:
646 2240 841 2279 ἐπίσταθμον
864 2241 947 2270 Ellis
1081 2251 1098 2279 7
1123 2242 1290 2279 postridie
1310 2242 1358 2272 C:
1383 2244 1491 2281 pridie

161 2285 201 2314 M
288 2296 388 2315 mane
410 2284 455 2314 W
465 2285 601 2315 Lamlm
627 2296 694 2315 om.
715 2284 841 2315 Ccodd.
1027 2293 1063 2321 13
1087 2294 1174 2322 quae
1191 2285 1263 2314 erui
1284 2284 1489 2316 Gronovius:

160 2338 227 2366 qua
245 2329 309 2358 frui
326 2328 368 2358 M
544 2330 583 2359 18
607 2333 658 2358 est
678 2329 739 2358 sed
755 2353 762 2359 .
780 2352 787 2358 .
804 2352 811 2358 .
827 2327 892 2365 est]
913 2332 946 2356 et
963 2337 1026 2365 per
1042 2338 1079 2357 se
1096 2328 1213 2358 odiosa
1236 2333 1286 2358 est
1304 2334 1337 2358 et
1355 2329 1495 2369 Madvzg

164 2382 202 2410 19
227 2372 468 2403 consolandum
491 2371 538 2402 C:
567 2372 818 2407 con††landum
842 2369 901 2400 IV:
935 2371 1179 2401 consulandum
1196 2371 1279 2401 EO:
1310 2372 1491 2402 consulen-

160 2415 238 2446 dum
256 2414 298 2444 M
