1742 2651
139 588 156 620 5

121 915 160 937 10

120 1664 161 1686 20

572 148 684 185 EPP.
717 149 794 184 AD
824 148 1084 186 ATTICVM
1422 149 1490 186 IX.
1513 146 1601 185 viA

814 271 860 308 A.

483 350 552 382 Ser.
569 351 603 381 t'n
620 351 728 381 itiam-e
744 351 787 381 in.
810 362 854 382 m.
875 351 974 382 Mart.
996 362 1025 382 cz.
1046 362 1100 392 705
1114 352 1200 392 (49).

437 435 627 466 CAESAR
653 435 744 466 IMP.
770 436 804 466 S.
833 436 872 466 D.
899 436 1127 466 CICERONI
1155 436 1245 467 IMP.

232 507 335 546 Cum
376 507 563 545 Furnium
599 515 775 545 nostrum
817 516 968 545 tantum
1003 508 1188 547 vidissem
1229 522 1358 558 neque
1397 507 1505 558 loqui

178 586 307 621 neque
338 572 474 610 audire
502 586 591 610 meo
620 573 835 610 commodo
859 573 1085 622 potuissem,
1110 587 1357 623 properarem
1388 580 1506 623 atque

177 651 303 676 essem
335 637 373 674 in
399 637 535 676 itinere
552 638 772 688 praemissis
794 638 870 676 iam
892 639 1122 689 legionibus,
1147 639 1353 689 praeterire
1375 647 1507 678 tamen

178 716 258 741 non
279 701 389 752 potui
415 702 509 752 quin
530 710 569 741 et
589 702 798 741 scriberem
819 705 869 742 ad
891 711 928 742 te
949 712 987 742 et
1007 704 1117 742 illum
1139 704 1332 742 mitterem
1353 704 1508 754 gratias-

179 781 256 817 que
276 781 442 817 agerem,
466 767 537 805 etsi
565 769 641 806 hoc
670 776 708 806 et
738 768 811 807 feci
839 782 956 818 saepe
985 776 1024 807 et
1044 768 1198 819 saepius
1220 768 1315 806 mihi
1337 770 1507 806 facturus

180 832 339 879 videor3
369 831 421 869 ita
448 833 497 870 de
526 846 588 870 me
616 832 782 871 mereris.
844 834 891 870 In
919 833 1052 882 primis
1073 847 1096 871 a
1123 841 1160 872 te
1190 840 1293 882 peto,
1318 833 1506 883 quoniam

180 898 340 936 confido
389 911 451 936 me
501 897 676 936 celeriter
727 899 777 936 ad
826 899 962 936 urbem
1012 906 1231 945 venturum,
1276 906 1319 936 ut
1366 906 1404 936 te
1452 898 1506 937 ibi

178 963 344 1009 videam,
386 970 428 1000 ut
468 970 536 1000 tuo
577 962 754 1009 consilio,
800 962 931 1012 gratia,
972 963 1172 1013 dignitate,
1213 977 1288 1013 ope
1327 963 1505 1001 omnium

178 1042 305 1067 rerum
339 1028 394 1065 uti
428 1027 586 1078 possim.
660 1029 725 1066 Ad
764 1028 1009 1078 propositum
1044 1036 1236 1076 revertar3
1265 1028 1505 1067 festinationi

180 1108 290 1132 meae
320 1093 579 1143 brevitatique
608 1092 821 1132 litterarum
847 1093 1036 1144 ignosces.
1098 1093 1267 1144 Reliqua
1291 1108 1337 1133 ex
1360 1093 1506 1133 Furnio

180 1171 405 1208 cognosces.

222 1296 314 1331 VII
446 1298 516 1329 Scr.
538 1299 571 1328 1'12
590 1298 768 1328 Formiano
785 1297 883 1328 1‘2'1'Id.
907 1297 1008 1328 Illarl.
1028 1309 1056 1328 a.
1078 1308 1131 1337 70)-
1144 1298 1234 1339 (49),

586 1379 761 1410 CICERO
793 1378 963 1410 ATTICO
997 1379 1093 1410 SAL.

232 1455 469 1506 Scripseram
494 1457 544 1494 ad
579 1463 616 1494 te
643 1455 849 1506 epistulam
871 1468 990 1505 quam
1015 1454 1150 1492 darem
1174 1465 1235 1490 1111
1260 1453 1366 1491 Idus.
1426 1452 1505 1490 Sed
1524 1461 1542 1490 1

178 1534 226 1559 eo
260 1521 324 1560 die
363 1522 394 1559 is
429 1521 491 1559 cui
523 1523 615 1560 dare
654 1523 853 1560 volueram
893 1533 973 1557 non
1008 1526 1066 1557 est
1105 1519 1313 1569 profectus.
1386 1516 1506 1555 Venit

177 1594 309 1624 autem
349 1601 396 1625 eo
431 1586 516 1636 ipso
547 1586 611 1625 die
649 1586 713 1624 ille
748 1585 978 1635 ‘celeripes'
1010 1597 1127 1634 quem
1161 1582 1312 1621 Salvius
1346 1581 1504 1620 dixerat.

179 1650 321 1689 Attulit
353 1651 567 1689 uberrimas
597 1659 682 1689 tuas
712 1651 882 1697 litteras;
925 1663 1026 1699 quae
1056 1647 1151 1686 mihi
1181 1647 1372 1697 quiddam
1397 1646 1508 1696 quasi

178 1717 374 1755 animulae
396 1716 630 1754 instillarunt
645 1731 654 1763 3
683 1723 899 1754 recreatum
921 1714 1026 1753 enim
1048 1727 1111 1751 me
1138 1727 1219 1751 non
1240 1726 1344 1762 queo
1365 1711 1504 1750 dicere.

179 1783 257 1820 Sed
279 1784 394 1832 plane
414 1783 455 1819 τὸ
483 1783 639 1832 συνέχον
659 1781 832 1819 effecisti.
893 1782 979 1830 Ego
1000 1778 1105 1817 enim
1136 1792 1216 1816 non
1243 1777 1320 1815 iam
1350 1777 1390 1816 id
1420 1791 1505 1827 ago,

180 1846 276 1884 mihi
297 1848 424 1893 crede,
447 1854 489 1884 ut
509 1860 715 1896 prosperos
737 1846 861 1884 exitus
883 1858 1110 1894 consequar.
1171 1843 1234 1881 Sic
1256 1843 1360 1881 enim
1378 1843 1505 1889 video,

179 1925 252 1949 nec
279 1912 436 1950 duobus
467 1911 525 1949 his
547 1911 641 1949 vivis
663 1925 736 1950 nec
757 1912 833 1949 hoc
861 1924 941 1948 uno
962 1924 1034 1948 nos
1065 1922 1255 1959 umquam
1277 1922 1357 1946 rem
1383 1908 1508 1958 publi-

179 1990 266 2014 cam
296 1976 508 2015 habituros.
570 1979 631 2014 Ita
661 1990 790 2026 neque
822 1977 872 2014 de
904 1975 985 2014 otio
1016 1983 1150 2013 nostro
1182 1987 1295 2023 spero
1326 1973 1402 2011 iam
1433 1987 1506 2012 nec

178 2043 297 2079 ullam
329 2041 582 2080 acerbitatem
612 2055 760 2080 recuso.
820 2043 954 2078 Vnum
985 2040 1081 2079 illud
1108 2040 1423 2085 extimescebam,
1456 2053 1505 2077 ne

178 2106 274 2156 quid
296 2106 457 2156 turpiter
477 2108 644 2145 facerem
667 2108 727 2145 vel
748 2107 878 2145 dicam
900 2106 976 2144 iam
998 2120 1048 2144 ne
1069 2105 1259 2144 fecissem.

222 2220 241 2249 5
267 2220 341 2240 meo
367 2203 440 2240 ΖΠΗ
476 2220 529 2239 me
553 2209 640 2240 codd.
698 2210 785 2240 Fort.
804 2210 863 2239 sed
891 2209 940 2239 vel
961 2213 995 2239 et
1023 2207 1160 2239 addend.
1189 2212 1265 2239 aule
1289 2218 1506 2247 properarem

182 2264 230 2292 13,
248 2264 285 2292 14
309 2254 453 2292 Reliqua
466 2277 472 2284 .
487 2278 492 2284 .
508 2277 514 2283 .
527 2264 713 2292 cognosces
729 2253 922 2283 EORWs:
947 2263 1013 2283 om.
1036 2251 1127 2282 M1P
1223 2263 1261 2291 19
1283 2256 1289 2268 ‘
1301 2252 1466 2290 celeripes
1479 2250 1504 2291 ']

179 2297 363 2336 Callipides
387 2297 465 2327 coni.
491 2296 576 2326 Resd
595 2297 662 2327 coll.
680 2297 750 2328 xiii.
778 2307 825 2327 12.
842 2307 862 2335 3
1010 2307 1063 2334 20,
1081 2306 1119 2326 21
1146 2296 1241 2334 quasi
1264 2296 1430 2326 animulae
1456 2296 1504 2324 in—

178 2341 345 2370 stillarunt
376 2340 480 2371 Crat.:
515 2351 581 2379 qua
605 2345 695 2371 stant
718 2345 811 2370 muta
837 2345 887 2370 est
916 2340 962 2369 illi
987 2344 1086 2369 arunt
1111 2339 1166 2370 M:
1196 2340 1290 2378 quasi
1317 2338 1506 2369 ‘animulae

179 2384 366 2413 stillarunt’
393 2384 508 2414 Baiter
651 2394 690 2424 27
716 2394 758 2414 ne
784 2383 941 2414 fecissem
964 2382 1078 2414 Stroth
1105 2382 1279 2414 Schmidt:
1314 2383 1504 2413 effecissem

178 2426 239 2457 M:
263 2427 416 2458 fecissem
433 2427 566 2457 Ernesti
