1742 2651
599 131 710 167 EPP.
745 131 821 166 AD
851 129 1110 167 ATTICVM
1453 127 1523 162 XI.
1547 122 1655 161 xxiv

188 241 283 279 nihil
316 241 522 279 videbatur
558 239 650 278 addi
691 253 816 289 posse,
853 239 961 288 quod
1002 238 1094 276 mihi
1136 252 1216 276 non
1253 239 1373 276 modo
1406 237 1513 276 irasci

186 307 411 355 gravissima
442 305 581 344 iniuria
614 313 777 355 accepta
807 306 878 343 sed
909 318 959 342 ne
990 306 1124 342 dolere
1159 303 1319 353 quidem
1355 303 1516 353 impune

187 372 286 410 licet.
349 373 439 420 Qua
459 385 498 409 re
525 371 624 409 istuc
646 373 824 409 feramus.
885 371 1006 418 Quod
1028 383 1118 408 cum
1146 369 1360 415 tulerimus,
1385 377 1515 406 tamen

186 439 325 475 eadem
348 444 460 475 erunt
486 436 742 486 perpetienda
769 449 870 485 quae
897 443 938 472 tu
961 449 1009 472 ne
1036 434 1219 472 accidant
1239 442 1281 472 ut
1309 447 1515 472 caveamus

149 516 166 547 5
186 516 334 541 mones.
397 504 454 540 Ea
475 501 580 540 enim
602 509 660 539 est
680 515 702 538 a
723 501 837 539 nobis
859 508 1059 538 contracta
1080 502 1195 550 culpa
1215 505 1261 537 ut
1285 499 1393 537 omni
1414 507 1515 537 statu

186 568 374 617 omnique
395 568 544 617 populo
566 566 712 605 exitum
734 566 915 604 habitura
935 566 1121 603 videatur.

240 634 317 671 Sed
342 634 392 670 ad
421 646 550 670 meam
578 645 739 669 manum
767 633 897 677 redeo,
930 639 1042 669 erunt
1067 631 1171 669 enim
1198 632 1294 669 haec
1324 630 1515 669 occultius
1535 643 1558 670 2

184 699 346 748 agenda.
406 697 520 743 Vide,
555 711 712 746 quaeso,
751 696 867 734 etiam
907 710 1012 734 nunc
1045 697 1094 734 de
1126 704 1374 742 testamento,
1407 696 1515 745 quod

185 771 267 800 tum
299 764 444 799 factum
476 776 566 799 cum
598 761 662 798 illa
693 765 903 811 †querere†
931 769 1123 810 coeperat.
1184 762 1288 806 Non,
1319 762 1450 802 credo,
1478 768 1515 798 te

128 842 166 863 10
185 826 425 867 commovitz
454 840 583 875 neque
604 826 709 864 enim
737 826 884 875 rogavit
905 840 954 863 ne
983 839 1045 863 me
1066 825 1237 875 quidem.
1298 826 1376 863 Sed
1404 825 1515 875 quasi

184 891 237 928 ita
276 891 333 937 sit,
376 890 565 940 quoniam
600 891 639 928 in
679 904 901 929 sermonem
941 891 1017 928 iam
1053 890 1202 936 venisti,
1245 890 1389 940 poteris
1428 904 1513 929 eam

184 970 345 994 monere
379 964 422 993 ut
451 955 597 1005 aliquoi
628 955 848 993 committat
878 955 988 993 cuius
1018 963 1123 993 extra
1152 954 1369 1005 periculum
1400 956 1514 993 liuius

184 1021 277 1059 belli
298 1023 454 1059 fortuna
480 1021 538 1058 sit.
600 1021 797 1070 Equidem
828 1020 898 1059 tibi
926 1020 1174 1070 potissimum
1199 1021 1327 1067 velim,
1351 1021 1381 1058 si
1409 1021 1513 1059 idem

183 1085 248 1123 illa
276 1088 402 1124 vellet.
465 1088 596 1134 Quam
631 1086 793 1136 quidem
825 1088 910 1124 celo
946 1086 1126 1123 miseram
1160 1099 1223 1124 me
1255 1087 1330 1124 hoc
1365 1086 1510 1124 timere.

126 1166 163 1198 15
186 1153 247 1190 De
287 1152 352 1190 illo
392 1154 513 1190 altero
549 1152 630 1189 scio
669 1151 854 1201 equidem
894 1151 1025 1190 venire
1064 1165 1170 1189 nunc
1204 1151 1257 1189 nil
1298 1165 1412 1201 posse
1445 1153 1513 1189 sed

183 1217 321 1267 seponi
343 1225 381 1256 et
412 1217 598 1255 occultari
620 1224 785 1267 possunt
812 1224 853 1254 ut
877 1224 983 1255 extra
1013 1216 1164 1254 ruinam
1192 1217 1269 1254 sint
1299 1231 1385 1255 eam
1413 1231 1514 1267 quae

183 1282 396 1332 impendet.
451 1284 554 1320 Nam
573 1283 681 1331 quod
698 1282 832 1320 scribis
850 1282 964 1320 nobis
978 1289 1110 1320 nostra
1123 1290 1159 1320 et
1174 1290 1239 1320 tua
1255 1290 1292 1320 et
1306 1282 1514 1321 Terentiae
1535 1292 1558 1328 3

183 1349 264 1385 fore
304 1355 448 1397 parata,
489 1355 556 1385 tua
594 1348 724 1394 credo,
766 1355 897 1385 nostra
929 1360 1029 1397 quae
1063 1355 1246 1396 poterunt
1281 1350 1395 1386 esse?
1453 1350 1515 1386 De

183 1412 368 1450 Terentia
388 1420 520 1450 autem
544 1412 674 1462 (mitto
695 1420 823 1450 cetera
848 1426 948 1461 quae
969 1420 1059 1449 sunt
1081 1412 1396 1461 innumerabilia)
1418 1413 1514 1462 quid

125 1492 163 1514 20
182 1479 232 1516 ad
265 1479 340 1515 hoc
370 1477 464 1516 addi
500 1479 658 1527 potest?
714 1477 929 1527 Scripseras
960 1485 1001 1515 ut
1033 1479 1103 1516 Hs
1133 1482 1196 1514 ᾖ
1227 1486 1515 1527 permutarem3

183 1551 335 1581 tantum
357 1557 441 1582 esse
470 1543 662 1593 reliquum
691 1545 741 1582 de
767 1551 939 1592 argento.
1000 1543 1110 1580 Misit
1131 1543 1194 1580 illa
1221 1555 1338 1581 ccmo
1360 1543 1454 1581 mihi
1476 1552 1514 1582 et

181 1608 388 1658 adscripsit
409 1616 562 1646 tantum
584 1622 669 1646 esse
690 1608 894 1658 reliquum.
956 1609 1058 1647 Cum
1080 1609 1155 1646 hoc
1176 1616 1255 1646 tam
1280 1622 1441 1658 parvum
1463 1610 1513 1647 de

183 1687 302 1723 parvo
324 1673 541 1719 detraxerit,
565 1673 752 1723 perspicis
774 1673 869 1723 quid
891 1673 930 1711 in
953 1673 1121 1711 maxima
1141 1687 1180 1711 re
1200 1674 1343 1711 fecerit.

239 1739 473 1777 Philotimus
508 1752 588 1776 non
624 1740 744 1776 modo
779 1741 908 1777 nullus
940 1739 1045 1777 venit
1084 1740 1152 1776 sed
1187 1752 1236 1776 ne
1266 1752 1333 1788 per
1367 1739 1557 1790 litteras4

123 1819 161 1849 25
185 1803 346 1853 quidem
377 1812 444 1842 aut
483 1817 551 1853 per
585 1804 767 1841 nuntium
797 1803 1001 1842 certiorem
1037 1804 1127 1841 facit
1157 1817 1220 1842 me
1254 1803 1349 1853 quid
1380 1805 1508 1854 egerit.

185 1870 345 1918 Epheso
367 1869 433 1918 qui
456 1868 617 1907 veniunt
647 1868 701 1907 ibi
723 1882 763 1906 se
793 1883 883 1906 eum
905 1871 955 1907 de
980 1869 1059 1906 suis
1089 1869 1361 1907 controversiis
1388 1869 1427 1907 in
1452 1870 1511 1908 ius

181 1935 394 1972 adeuntem
430 1934 573 1972 vidisse
604 1934 810 1975 nuntiant2
854 1948 954 1983 quae
994 1934 1154 1983 quidem
1190 1934 1260 1983 (ita
1293 1934 1397 1973 enim
1432 1935 1511 1973 veri

181 1998 307 2037 simile
340 1999 414 2047 est)
446 1998 485 2035 in
520 2000 733 2037 adventum
768 1999 946 2038 Caesaris
976 2001 1138 2038 fortasse
1169 1999 1388 2038 reiciuntur.
1450 2002 1511 2039 Ita

181 2071 246 2101 aut
268 2063 363 2101 nihil
394 2071 490 2113 puto
512 2077 602 2101 eum
633 2064 777 2102 habere
803 2065 910 2113 quod
941 2072 1051 2113 putet
1071 2066 1121 2102 ad
1152 2079 1214 2103 me
1242 2065 1403 2104 celerius
1429 2079 1510 2116 per-

223 2176 242 2204 5
267 2171 303 2196 ut
321 2166 396 2197 add.
418 2171 488 2197 velt.
617 2168 638 2196 6
663 2167 893 2207 populo]f01’l.
915 2178 938 2197 r.
957 2177 988 2206 p.
1010 2168 1110 2198 talem
1235 2180 1250 2208 7
1278 2170 1388 2202 redeo.
1410 2174 1509 2199 erunt

184 2209 390 2250 lVesenbmg:
419 2211 626 2240 reddiderint
645 2210 705 2240 M:
730 2211 814 2240 redii
831 2222 837 2247 ;
863 2216 962 2240 erunt
980 2211 1079 2241 Klotz
1200 2222 1220 2250 9
1244 2213 1386 2242 haerere
1402 2212 1487 2242 Pius
1503 2224 1509 2242 :

179 2254 275 2291 queri
291 2255 332 2284 de
344 2264 396 2284 rnc
410 2254 489 2284 σοιτί.
507 2252 647 2283 Msillcr:
674 2264 771 2283 ruere
786 2254 955 2284 Sclnnidt:
972 2254 1053 2293 sort.
1068 2265 1232 2293 quaerere
1249 2257 1286 2294 cf.
1305 2256 1389 2286 Hor.
1406 2257 1450 2287 A.
1466 2256 1504 2288 P.

183 2307 242 2334 170
343 2308 380 2336 14
404 2298 482 2327 velit
500 2296 690 2337 [Vescuberg
810 2308 846 2336 17
873 2299 969 2328 nobis
986 2309 1050 2328 om.
1066 2298 1243 2329 Ascensius
1332 2305 1363 2329 et
1381 2300 1507 2330 Teren-

179 2341 245 2370 tiae
265 2339 437 2371 Schmidt:
462 2341 605 2371 terentio
623 2341 709 2371 codd.
725 2352 731 2371 z
757 2341 887 2371 Tulliae
906 2342 933 2371 L
952 2342 1094 2382 (maig.)
1215 2353 1256 2372 20
1280 2349 1507 2382 permutarem

180 2382 366 2414 Corradus:
400 2389 488 2414 -aret
507 2384 546 2413 M
676 2395 716 2422 23
741 2384 880 2415 fecerit?
899 2386 985 2425 vulg.
