1742 2651
157 108 202 143 X.
226 107 254 142 ii
661 106 716 142 M.
749 105 915 142 TVLLI
947 104 1252 143 CICERONIS

213 228 237 255 2
257 230 388 266 quam,
410 230 489 266 quo
510 224 548 254 et
569 229 656 265 qua.
717 216 795 253 Sed
824 216 921 253 haec
948 222 1081 253 nostra
1101 213 1171 252 erit
1191 228 1283 252 cura
1303 221 1341 252 et
1362 213 1583 263 peritorum.

255 283 317 319 Tu
339 289 471 320 tamen
496 281 605 331 quod
626 279 782 330 poteris,
806 287 848 317 ut
868 281 999 318 adhuc
1026 279 1161 325 fecisti,
1185 293 1257 317 nos
1288 278 1460 317 consiliis
1485 278 1587 316 iuva-

257 346 329 384 bis.
390 348 470 384 Res
491 352 582 383 sunt
602 343 906 394 inexplicabiles.
968 346 1164 382 Fortunae
1185 351 1275 381 sunt
1302 342 1588 381 committenda

255 411 401 450 omnia.
461 410 554 449 Sine
582 424 650 460 spe
681 423 870 447 conamur
897 411 986 447 ulla.
1047 408 1191 447 Melius
1213 408 1244 446 si
1265 407 1361 458 quid
1387 407 1583 455 acciderit,

254 476 492 514 mirabimur.
554 474 790 524 Dionysium
820 476 965 512 nollem
993 475 1043 512 ad
1071 487 1134 512 me
1161 475 1405 523 profectum,
1434 474 1485 511 de
1505 486 1585 521 quo
1607 488 1622 517 5

252 542 303 579 ad
335 554 398 578 me
430 539 561 578 Tullia
597 553 684 577 mea
715 538 877 588 scripsit.
938 540 1016 577 Sed
1048 547 1085 576 et
1120 546 1275 588 tempus
1306 537 1478 575 alienum
1513 544 1582 583 est,

254 613 292 643 et
317 605 469 644 homini
497 618 578 643 non
605 603 734 642 amico
762 611 895 642 nostra
923 603 1189 649 incommoda,
1213 610 1321 641 tanta
1344 601 1582 652 praesertim,

252 671 480 720 spectaculo
501 683 585 708 esse
608 671 781 708 nollem:
809 668 871 706 cui
897 676 934 707 te
963 682 1052 708 meo
1080 667 1241 706 nomine
1268 667 1472 706 inimicum
1499 679 1584 705 esse

253 737 356 774 nolo.

295 869 369 904 ῙῙῙ
550 871 620 902 Scr.
642 871 675 901 itt
692 870 826 901 Amano
842 870 888 900 vii
901 869 950 901 Id.
972 870 1054 911 Apr.
1077 881 1107 901 a.
1128 880 1182 909 70)¹
1200 869 1287 909 (49).
1606 878 1644 900 10

668 948 844 979 CICERO
870 948 1043 978 ATTICO
1070 947 1167 979 SAL.

307 1023 409 1061 Cum
439 1021 549 1070 quod
580 1020 790 1058 scriberem
823 1021 939 1070 plane
970 1019 1067 1057 nihil
1100 1020 1298 1066 haberem,
1321 1021 1418 1058 haec
1449 1027 1581 1058 autem

253 1086 400 1136 reliqua
421 1092 552 1124 essent
573 1098 674 1134 quae
695 1084 793 1122 scire
813 1098 1009 1135 cuperem,
1033 1085 1283 1134 profectusne
1304 1092 1415 1130 esset,
1440 1098 1521 1134 quo
1542 1083 1581 1121 in

253 1158 354 1188 statu
382 1151 519 1188 urbem
550 1149 781 1198 reliquisset,
805 1148 844 1186 in
875 1148 959 1199 ipsa
980 1149 1093 1186 Italia
1113 1162 1231 1198 quem
1263 1148 1405 1198 cuique
1433 1147 1581 1198 regioni

252 1222 319 1253 aut
345 1213 504 1264 negotio
532 1213 792 1263 praefecisset,
816 1213 931 1263 ecqui
961 1220 1091 1251 essent
1119 1214 1170 1251 ad
1203 1213 1437 1263 Pompeium
1466 1220 1504 1251 et
1531 1214 1582 1251 ad
1604 1228 1641 1260 15

253 1281 435 1318 consules
462 1293 509 1317 ex
536 1285 693 1316 senatus
719 1280 901 1316 consulto
928 1279 978 1316 de
1005 1291 1102 1328 pace
1128 1278 1255 1328 legati,
1279 1286 1322 1316 ut
1349 1278 1464 1328 igitur
1484 1279 1581 1317 haec

253 1343 391 1382 scirem
419 1343 554 1381 dedita
581 1356 699 1392 opera
725 1344 794 1380 has
815 1343 866 1380 ad
894 1350 931 1381 te
957 1342 1102 1380 litteras
1130 1342 1228 1381 misi.
1291 1343 1444 1381 Feceris
1468 1343 1583 1393 igitur

253 1409 465 1447 commode
493 1408 668 1457 mihique
688 1416 840 1457 gratum
861 1407 892 1445 si
914 1421 976 1446 me
993 1409 1042 1446 de
1064 1407 1123 1445 his
1145 1409 1260 1446 rebus
1285 1415 1323 1446 et
1343 1408 1374 1446 si
1395 1407 1491 1458 quid
1511 1408 1582 1447 erit

253 1473 359 1511 aliud
381 1474 488 1522 quod
510 1472 607 1510 scire
635 1486 733 1522 opus
761 1472 808 1510 sit
829 1472 964 1511 feceris
987 1472 1203 1510 certiorem.
1260 1474 1344 1522 Ego
1365 1472 1404 1510 in
1425 1474 1582 1511 Arcano

254 1538 435 1589 opperior
456 1539 552 1577 dum
574 1537 646 1576 ista
667 1551 874 1587 cognosco.
1605 1549 1643 1569 20

296 1709 368 1744 ῙῙῙ
382 1721 406 1744 a
544 1711 613 1742 Ser.
634 1712 666 1741 in
689 1712 817 1741 ,ΙΙ-(ἀπο
834 1710 943 1742 υῐι’](ι’.
966 1711 1050 1751 Apr.
1072 1722 1102 1742 a.
1128 1723 1181 1751 705
1201 1712 1284 1753 (49).

673 1799 842 1830 CICERO
865 1800 1047 1831 ATTICO
1070 1800 1174 1832 SAL.

220 1894 236 1920 1
308 1881 354 1916 A.
387 1879 423 1916 d.
457 1890 513 1915 νη
547 1878 642 1915 Idus
671 1879 831 1915 alteram
863 1877 932 1915 tibi
963 1879 1104 1916 eodem
1140 1877 1205 1917 die
1237 1879 1338 1916 hanc
1372 1877 1578 1928 epistulam

254 1942 398 1982 dictavi
419 1951 457 1981 et
477 1942 602 1993 pridie
622 1944 808 1981 dederam
830 1956 918 1980 mea
944 1956 1064 1980 manu
1091 1943 1319 1993 longiorem.
1377 1943 1517 1981 Visum
1542 1951 1580 1981 te

252 2008 361 2046 aiunt
382 2008 421 2045 in
442 2008 555 2057 regia,
572 2021 646 2046 nec
666 2008 927 2057 reprehendo,
941 2007 1086 2057 quippe
1108 2021 1197 2045 cum
1220 2007 1302 2058 ipse
1322 2007 1435 2046 istam
1457 2021 1580 2057 repre-
1603 2018 1639 2050 25

253 2072 485 2111 hensionem
509 2086 587 2109 non
610 2072 784 2121 fugerim.
845 2073 922 2110 Sed
950 2080 1135 2122 exspecto
1165 2080 1250 2110 tuas
1279 2072 1423 2110 litteras
1451 2086 1580 2122 neque

254 2138 331 2175 iam
348 2150 442 2175 sane
454 2136 570 2174 video
583 2136 679 2186 quid
695 2144 929 2186 exspectem,
946 2138 1015 2175 sed
1032 2144 1176 2185 tamen,
1194 2137 1310 2175 etiam
1333 2137 1363 2174 si
1385 2137 1479 2174 nihil
1497 2137 1578 2184 erit,

255 2202 294 2240 id
316 2202 444 2252 ipsum
466 2203 516 2239 ad
539 2215 601 2239 me
622 2201 738 2239 velim
760 2201 916 2239 scribas.

299 2317 318 2346 5
345 2306 467 2336 nollem
491 2304 694 2345 lleenbmg:
721 2305 822 2335 nolim
840 2304 927 2336 codd.
1020 2307 1039 2335 8
1065 2306 1188 2335 nollem
1199 2305 1312 2335 codd:
1338 2305 1439 2335 nolim
1453 2305 1586 2336 Ernesti

260 2351 298 2380 16
316 2356 351 2380 ut
368 2348 445 2379 M2:
469 2360 544 2379 cum
563 2348 615 2377 llll
629 2349 749 2378 Lamh.
764 2348 915 2378 Schmidt
1006 2359 1041 2388 17
1061 2349 1180 2379 scirem
1192 2348 1278 2379 codd.
1293 2358 1299 2378 ε
1325 2349 1412 2379 scire
1424 2359 1581 2388 cuperem

255 2393 375 2424 Lamb.
393 2404 399 2423 ε
424 2392 509 2423 scire
526 2392 646 2422 vellem
665 2392 817 2422 Sclnm'dt
