1742 2651
149 161 251 198 IX.i
617 167 672 202 M.
705 167 872 203 TVLLI
905 167 1212 204 CICERONIS

312 275 511 314 Cedamus
543 276 657 325 igitur
688 284 735 322 et,
766 284 808 314 ut
838 277 931 315 boni
960 277 1064 315 cives
1097 277 1228 323 simus,
1262 278 1409 316 bellum
1445 277 1582 316 Italiae

258 345 356 376 terra
378 340 551 390 marique
576 341 786 378 inferamus
816 349 854 379 ct
878 341 970 379 odia
999 341 1268 391 improborum
1290 355 1419 380 rursus
1446 342 1485 380 in
1510 355 1583 380 nos

259 417 359 452 quae
381 404 457 441 iam
482 405 672 443 exstincta
698 413 807 443 erant
835 405 1094 444 incendamus
1119 414 1156 444 et
1184 406 1329 445 Luccei
1355 407 1518 445 consilia
1537 420 1583 444 ac

213 478 239 515 4
259 469 494 518 Theophani
519 484 807 520 persequamur.
869 472 972 509 Nam
1000 471 1132 520 Scipio
1156 473 1216 509 vel
1244 471 1283 508 in
1304 471 1451 521 Syriam
1472 473 1585 521 profi-

258 533 414 571 ciscitur
445 542 547 572 sorte
576 537 637 573 vel
672 549 762 573 cum
794 549 939 586 genero
972 537 1137 574 honeste
1163 537 1223 574 vel
1249 537 1458 575 Caesarem
1488 536 1584 585 fugit
1606 543 1623 576 5

258 598 408 636 iratum.
470 599 646 637 Marcelli
668 600 839 649 quidem,
864 600 936 637 nisi
957 600 1130 650 gladium
1154 600 1330 639 Caesaris
1352 600 1581 647 timuissent,

258 671 471 701 manerent.
531 665 683 713 Appius
715 673 773 703 est
807 667 948 704 eodem
984 666 1022 703 in
1058 665 1196 703 timore
1227 673 1265 703 et
1295 665 1585 704 inimicitiarum

258 728 473 767 recentium
494 729 623 767 etiam.
684 732 839 768 Praeter
862 732 966 768 hunc
988 738 1026 768 et
1043 732 1086 769 C.
1107 730 1288 769 Cassium
1304 730 1442 780 reliqui
1458 731 1584 780 legati,

260 795 426 831 Faustus
446 808 516 843 pro
537 802 743 844 quaestore
759 810 768 841 3
799 809 871 844 ego
899 808 1000 832 unus
1022 794 1083 832 cui
1098 794 1287 832 utrumvis
1308 794 1407 833 licet.
1455 797 1587 833 Frater

259 858 411 897 accedit
438 872 557 908 quem
579 859 729 897 socium
751 859 866 897 huius
888 861 1066 897 fortunae
1088 873 1172 898 esse
1194 873 1274 897 non
1294 855 1381 898 'erat
1401 874 1586 909 aequum.
1612 872 1648 892 10

261 923 336 963 Cui
358 923 479 973 magis
500 923 617 962 etiam
640 925 783 963 Caesar
803 924 998 971 irascetur,
1021 926 1090 962 sed
1111 924 1316 974 impetrare
1332 938 1412 962 non
1426 938 1587 974 possum

261 997 303 1026 ut
325 996 490 1027 maneat.
553 989 746 1027 Dabimus
771 991 846 1027 hoc
876 989 1067 1039 Pompeio
1097 989 1191 1039 quoi
1220 989 1422 1027 debemus.
1482 991 1587 1027 Nam

264 1068 326 1092 me
364 1054 525 1104 quidem
557 1054 655 1092 alius
694 1068 813 1093 nemo
843 1062 985 1101 movet,
1018 1068 1097 1092 non
1130 1068 1258 1092 sermo
1291 1055 1486 1092 bonorum
1522 1054 1589 1104 qui

262 1119 358 1157 nulli
379 1128 479 1165 sunt,
504 1134 584 1157 non
605 1133 723 1157 causa
750 1134 850 1169 quae
876 1127 963 1157 acta
985 1119 1121 1157 timide
1143 1127 1211 1165 est,
1235 1127 1369 1169 agetur
1397 1119 1586 1169 improbe.

261 1185 351 1231 Vni,
375 1184 442 1222 uni
463 1186 539 1223 hoc
560 1186 699 1223 damus
721 1199 770 1222 ne
791 1184 831 1223 id
852 1184 1013 1235 quidem
1035 1184 1185 1234 roganti
1202 1198 1274 1223 nec
1289 1199 1398 1223 suam
1416 1199 1585 1231 causam,
1613 1200 1649 1231 15

262 1258 304 1288 ut
323 1250 387 1296 ait,
409 1250 539 1300 agenti
560 1252 628 1288 sed
650 1250 860 1299 publicam.
919 1252 981 1288 Tu
1003 1249 1098 1300 quid
1119 1249 1266 1300 cogites
1286 1251 1336 1289 de
1350 1251 1590 1288 transeundo

262 1315 301 1353 in
324 1315 486 1366 Epirum
508 1315 604 1353 scire
624 1328 718 1353 sane
738 1314 864 1354 velim.

307 1462 355 1497 ῙῙ
539 1464 609 1496 Scr.
630 1466 663 1495 ιἰι
682 1465 864 1495 Fornu'cmo
879 1465 964 1496 Non.
986 1465 1086 1496 M'art.
1107 1477 1137 1496 a.
1160 1477 1217 1505 705
1236 1466 1324 1506 (49).

672 1561 842 1592 CICERO
866 1561 1048 1593 ATTICO
1072 1561 1176 1593 SAL.

320 1652 403 1690 Etsi
426 1651 553 1690 Nonis
576 1651 728 1689 Martiis
759 1651 822 1690 die
853 1659 932 1699 tuo,
962 1660 1004 1690 ut
1034 1653 1184 1702 opinor,
1212 1651 1486 1702 exspectabam
1515 1649 1592 1701 epi·
1615 1663 1654 1683 20

265 1719 406 1755 stulam
426 1731 449 1754 a
470 1725 506 1755 te
531 1716 758 1766 longiorem,
782 1724 913 1754 tamen
944 1719 994 1756 ad
1025 1731 1110 1756 eam
1142 1717 1265 1767 ipsam
1293 1717 1451 1754 brevem
1473 1729 1592 1766 quam

267 1795 329 1821 1111
352 1784 489 1820 Nonas
511 1783 582 1820 ὑπὸ
602 1783 668 1831 τὴν
687 1785 802 1832 λῆψιν
822 1782 965 1821 dedisti
987 1782 1283 1821 rescribendum
1304 1781 1446 1831 putavi.
1491 1782 1594 1819 Gau-

265 1849 358 1887 dere
386 1847 442 1885 ais
472 1855 509 1886 te
540 1847 729 1886 mansisse
758 1862 822 1886 me
852 1855 889 1886 et
920 1848 1055 1886 scribis
1082 1847 1122 1885 in
1150 1846 1343 1885 sententia
1363 1854 1400 1884 te
1421 1859 1589 1884 manere.

267 1912 369 1950 Mihi
390 1920 520 1950 autem
542 1913 806 1963 superioribus
827 1912 963 1951 litteris
984 1912 1167 1951 videbare
1192 1926 1272 1950 non
1296 1910 1476 1949 dubitare
1497 1910 1592 1960 quin

266 1979 446 2017 cederem
476 1978 529 2016 ita
558 1978 589 2016 si
618 1986 656 2016 et
686 1980 846 2017 Gnaeus
876 1978 978 2016 bene
1004 1977 1213 2015 comitatus
1239 1975 1534 2014 conscendisset
1555 1981 1593 2012 et
1615 1986 1651 2016 25

267 2044 449 2081 consules
477 2043 713 2081 transissent.
773 2045 914 2081 Vtrum
941 2044 1017 2080 hoc
1043 2050 1083 2080 tu
1111 2055 1247 2092 parum
1274 2039 1589 2086 commeministi,

267 2122 318 2146 an
338 2122 410 2158 ego
435 2122 515 2146 non
537 2108 628 2146 satis
649 2108 831 2155 intellexi,
853 2122 903 2145 an
929 2106 1087 2145 mutasti
1108 2105 1372 2145 sententiam?
1428 2106 1505 2143 Sed
1526 2111 1593 2142 aut

313 2225 330 2253 7
355 2218 405 2243 est
423 2212 580 2253 Madvtg:
607 2218 639 2243 et
657 2211 744 2242 codd.
839 2211 873 2241 in
890 2211 993 2241 Boot:
1020 2210 1119 2240 modo
1137 2209 1207 2249 (scd
1223 2208 1376 2243 deletmn)
1395 2207 1434 2237 M
1572 2209 1593 2237 8

270 2258 370 2288 etiam
388 2256 548 2297 ,Madvigz
572 2262 604 2287 et
623 2261 735 2286 tamen
753 2254 842 2285 codd.
956 2265 977 2292 9
1002 2254 1081 2284 licet
1098 2254 1246 2291 Kayser:
1270 2252 1386 2282 liceret
1403 2250 1444 2280 M
1554 2260 1592 2279 10

271 2301 402 2331 accedit
424 2300 457 2332 ,C
468 2301 556 2340 vulg.
575 2312 580 2330 :
615 2301 793 2330 accederet
818 2298 875 2327 M:
910 2298 1046 2328 accedet
1070 2297 1186 2327 Illam:
1220 2295 1403 2326 accesserit
1427 2293 1468 2323 M
1482 2304 1588 2330 mare.

275 2355 310 2375 11
337 2345 502 2374 irascetur
527 2343 603 2373 M'2:
638 2344 842 2373 irasceretur
869 2340 923 2370 Ml
1060 2351 1097 2370 12
1121 2339 1199 2379 quoi
1227 2338 1376 2369 Schmidt
1398 2349 1403 2369 :
1429 2348 1494 2376 quo
1520 2336 1592 2366 M¹:

272 2388 362 2427 quod
395 2387 449 2416 M2
613 2397 654 2416 22
679 2386 791 2426 λῆψινἿ
832 2385 986 2423 διάληψιν
1020 2384 1160 2420 Gan-litt,-
1196 2382 1310 2412 medici
1338 2382 1425 2411 enim
1458 2378 1592 2420 πυρετὸν

272 2430 383 2463 dicunt
398 2429 567 2462 διαλείπειν
585 2443 591 2461 :
616 2433 773 2460 ΔΙΑΛΗΨΓ
791 2429 870 2459 inde
888 2428 947 2467 M„
968 2427 1023 2457 scd
1037 2428 1128 2457 aliler
1146 2437 1194 2457 10.
1213 2427 1232 2455 8
1738 2423 1742 2448 l

1735 2608 1736 2612 .
1736 2456 1738 2514 ᾼΑΑᾼ
1738 2358 1742 2419 ,ἠέ
1739 2299 1740 2312 μ
1740 2270 1741 2274 .
