1742 2651
62 112 179 150 XIII.
200 114 308 149 xxvi
575 114 629 150 M.
663 114 830 149 TVLLI
863 113 1171 152 CICERONIS

212 238 260 262 ne
283 225 435 262 turbem
458 232 495 263 et
517 224 668 262 inruam
690 224 729 261 in
749 227 933 262 Drusum.
995 226 1267 276 Intemperans
1289 240 1375 264 sum
1397 226 1436 264 in
1457 226 1540 265 eius

211 288 263 326 rei
295 289 511 339 cupiditate
543 303 661 339 quam
695 289 808 326 nosti.
870 291 1010 338 Itaque
1045 292 1220 328 revolvor
1253 290 1469 330 identidem
1501 291 1540 329 in

210 356 492 393 Tusculanum.
538 354 706 403 Quidvis
727 353 831 392 enim
854 354 984 404 potius
1001 368 1119 404 quam
1137 363 1178 393 ut
1199 369 1279 393 non
1300 357 1374 394 hac
1394 364 1540 395 aestate

209 420 442 457 absolvatur.

166 499 190 525 2
264 487 364 535 Ego,
390 492 431 522 ut
464 492 619 534 tempus
651 492 708 522 est
741 492 933 531 nostrum,
962 485 1093 523 locum
1125 485 1254 524 habeo
1288 487 1439 524 nullum
1471 486 1539 524 ubi
1559 498 1576 529 5

208 550 358 587 facilius
388 563 472 588 esse
503 549 650 599 possim
679 563 798 599 quam
824 551 1001 587 Asturae.
1061 551 1139 588 Sed
1167 550 1258 600 quia
1285 551 1352 601 qui
1382 565 1538 590 mecum

208 622 312 661 sunt,
341 615 471 661 credo,
504 615 612 663 quod
652 614 886 652 maestitiam
923 627 1051 652 meam
1087 628 1167 652 non
1202 617 1341 662 ferunt,
1373 617 1537 654 domum

207 687 427 729 properant,
460 678 531 717 etsi
566 686 743 728 poteram
784 692 994 725 remanere,
1029 686 1172 726 tamen,
1205 688 1246 717 ut
1285 680 1420 730 scripsi
1454 680 1538 728 tibi,

206 743 430 794 proficiscar
450 743 542 781 hinc
564 757 614 781 ne
640 742 796 781 relictus
818 742 961 781 videar.
1021 745 1114 792 Quo
1141 746 1303 782 autem?
1360 744 1537 783 Lanuvio

207 822 329 846 conor
358 808 543 858 equidem
572 808 611 845 in
632 809 914 845 Tusculanum.
976 809 1054 846 Sed
1082 807 1221 845 faciam
1248 816 1284 846 te
1309 808 1439 846 statim
1460 823 1537 846 cer-
1558 823 1597 844 10

207 872 355 911 tiorem.
416 875 478 910 Tu
499 873 644 911 litteras
672 872 868 911 conficies.
932 872 1130 922 Equidem
1158 872 1344 911 credibile
1371 887 1451 911 non
1479 882 1536 911 est

206 946 397 988 quantum
428 937 607 984 scribam,
632 937 727 987 quin
757 938 874 975 etiam
905 937 1115 984 noctibusg
1146 937 1240 975 nihil
1269 937 1373 975 enim
1394 938 1533 976 somni.

208 1003 306 1041 Heri
333 1002 451 1041 etiam
479 1002 590 1041 effeci
618 1002 825 1052 epistulam
852 1005 903 1041 ad
925 1004 1160 1047 Caesarem3
1191 1001 1261 1040 tibi
1283 1002 1387 1040 enim
1412 1004 1536 1052 place-

206 1068 282 1106 bat.
344 1069 474 1116 Quam
506 1082 586 1105 non
617 1067 688 1105 fuit
718 1070 864 1106 malum
895 1068 1021 1111 scribi,
1046 1068 1076 1105 si
1108 1070 1206 1106 forte
1231 1082 1330 1118 opus
1358 1081 1442 1105 esse
1469 1081 1536 1117 pu-

205 1140 331 1180 tares3
360 1140 402 1170 ut
429 1132 590 1182 quidem
622 1147 727 1171 nunc
755 1141 823 1179 est,
848 1133 944 1170 nihil
973 1147 1066 1171 sane
1094 1140 1152 1171 est
1181 1146 1342 1171 necesse
1370 1132 1532 1171 mittere.
1557 1145 1593 1176 15

205 1199 283 1236 Sed
318 1197 357 1236 id
390 1197 563 1248 quidem,
599 1206 640 1235 ut
675 1198 745 1236 tibi
777 1197 982 1236 videbitur.
1059 1198 1216 1236 Mittam
1252 1206 1383 1236 tamen
1417 1198 1468 1236 ad
1498 1205 1535 1235 te

205 1264 429 1313 exemplum
459 1264 621 1302 fortasse
654 1263 842 1310 Lanuvio,
869 1263 943 1302 nisi
973 1265 1072 1302 forte
1101 1265 1284 1302 Romam.
1344 1264 1422 1302 Sed
1451 1276 1535 1302 cras

204 1341 314 1366 smes.

247 1474 425 1510 XXVII
471 1478 539 1510 Ser.
558 1480 590 1509 ιἰι
615 1479 802 1510 Tusculano
818 1480 873 1510 visi
887 1479 928 1510 K.
951 1479 1026 1509 Iun.
1047 1490 1076 1510 a.
1099 1489 1158 1519 709
1177 1478 1255 1520 (45).

612 1567 785 1598 CICERO
807 1567 990 1598 ATTICO
1012 1566 1116 1599 SAL.
1555 1580 1594 1601 20

169 1669 186 1695 1
261 1659 321 1695 De
352 1657 518 1707 epistula
546 1658 597 1695 ad
626 1658 833 1696 Caesarem
865 1657 980 1695 nobis
1010 1670 1101 1695 vero
1136 1670 1289 1707 semper
1320 1655 1533 1695 rectissime

203 1722 349 1772 placuit
377 1730 418 1759 ut
445 1722 507 1760 isti
537 1730 628 1760 ante
658 1724 840 1772 legerent.
904 1722 1027 1761 Aliter
1057 1722 1162 1761 enim
1193 1722 1401 1760 fuissemus
1429 1729 1465 1759 et
1493 1721 1533 1758 in

202 1788 275 1825 hos
295 1787 501 1826 inofficiosi
523 1795 560 1825 et
582 1787 621 1824 in
646 1795 801 1826 nosmet
829 1788 945 1837 ipsos,
970 1788 1000 1825 si
1028 1787 1138 1825 illum
1163 1787 1347 1825 offensuri
1374 1786 1530 1832 fuimus,

201 1866 326 1902 paene
366 1852 584 1902 periculosi.
658 1852 727 1890 Isti
762 1861 894 1891 autem
931 1853 1126 1903 ingenueg
1171 1852 1347 1902 mihique
1379 1859 1531 1902 gratum

201 1919 309 1966 quod
335 1917 431 1967 quid
462 1917 649 1956 sentirent
680 1932 760 1956 non
792 1918 1044 1959 reticuerunt,
1064 1917 1161 1956 illud
1182 1931 1273 1956 vero
1297 1918 1357 1955 vel
1382 1916 1530 1966 optime
1552 1931 1589 1961 25

201 1984 309 2033 quod
330 1982 382 2020 ita
410 1984 532 2021 multa
557 1983 696 2021 mutari
719 1985 855 2021 volunt
884 1991 925 2021 ut
954 1982 1048 2020 mihi
1076 1984 1126 2021 de
1156 1982 1307 2032 integro
1334 1981 1530 2020 scribendi

200 2061 318 2085 causa
339 2061 418 2085 non
440 2047 498 2085 sit.
560 2049 815 2098 Quamquam
837 2049 886 2086 de
909 2047 1092 2086 Parthico
1113 2048 1218 2085 bello
1239 2046 1334 2096 quid
1356 2054 1531 2096 spectare

200 2111 319 2150 debui
347 2112 419 2150 nisi
451 2115 559 2162 quod
588 2113 696 2151 illum
718 2115 816 2151 velle
843 2113 1087 2151 arbitrabar?
1143 2113 1264 2161 Quod
1292 2111 1396 2150 enim
1423 2111 1530 2149 aliud

198 2185 473 2226 argumentum
495 2178 685 2228 epistulae
706 2186 861 2216 nostrae
883 2178 955 2216 nisi
978 2178 1152 2216 κολακεία
1175 2177 1276 2215 fuit?
1332 2179 1406 2223 An,
1430 2176 1459 2214 si
1485 2189 1530 2214 ea

199 2256 299 2292 quae
321 2243 471 2292 optima
492 2251 669 2293 putarem
695 2245 859 2282 suadere
881 2243 1108 2291 voluissem,
1127 2242 1250 2280 oratio
1272 2241 1367 2279 mihi
1389 2240 1529 2280 defuis·
1550 2253 1589 2284 30

242 2357 263 2384 9
289 2346 498 2376 Lanuvium?
522 2346 638 2376 codices
654 2346 735 2377 Bosz'
826 2357 862 2376 12
887 2347 967 2386 quin
982 2346 1038 2378 M:
1064 2346 1118 2385 qui
1135 2345 1324 2385 Wesenberg
1338 2357 1344 2375 t
1369 2346 1432 2381 die,
1447 2346 1526 2384 quin

199 2394 268 2420 vett.
398 2400 435 2419 21
465 2389 515 2421 De
532 2390 678 2430 epistula
698 2390 727 2421 Ο
746 2390 831 2421 Crat.
853 2401 880 2421 v.
897 2401 918 2421 c.
939 2389 967 2419 L
987 2389 1127 2432 (marg.)
1143 2383 1207 2419 Zb:
1234 2389 1419 2427 Epistulam
1434 2388 1527 2418 RPA
