<?xml version="1.0" encoding="UTF-8"?>
<!DOCTYPE html PUBLIC "-//W3C//DTD XHTML 1.0 Transitional//EN"
    "http://www.w3.org/TR/xhtml1/DTD/xhtml1-transitional.dtd">
<html xmlns="http://www.w3.org/1999/xhtml" xml:lang="en" lang="en">
 <head>
  <title>
</title>
<meta http-equiv="Content-Type" content="text/html;charset=utf-8" />
  <meta name='ocr-system' content='tesseract 3.04.00' />
  <meta name='ocr-capabilities' content='ocr_page ocr_carea ocr_par ocr_line ocrx_word'/>
</head>
<body>
  <div class='ocr_page' id='page_1' title='image "./p2epistulaerecog02ciceuoft_0175.png"; bbox 0 0 1742 2651; ppageno 0'>
   <div class='ocr_carea' id='block_1_1' title="bbox 609 123 1684 169">
    <p class='ocr_par' dir='ltr' id='par_1_1' title="bbox 609 123 1684 169">
     <span class='ocr_line' id='line_1_1' title="bbox 609 123 1684 169; baseline -0.008 -2"><span class='ocrx_word' id='word_1_1' title='bbox 609 130 721 167; x_wconf 87' lang='lat' dir='ltr'><strong>EPP.</strong></span> <span class='ocrx_word' id='word_1_2' title='bbox 754 130 831 166; x_wconf 82' lang='lat' dir='ltr'><strong>AD</strong></span> <span class='ocrx_word' id='word_1_3' title='bbox 862 127 1122 166; x_wconf 78' lang='lat' dir='ltr'><strong>ATTICVM</strong></span> <span class='ocrx_word' id='word_1_4' title='bbox 1368 125 1486 161; x_wconf 84' lang='lat' dir='ltr'>XIII.</span> <span class='ocrx_word' id='word_1_5' title='bbox 1511 123 1598 169; x_wconf 87' lang='lat' dir='ltr'><strong>xiv,</strong></span> <span class='ocrx_word' id='word_1_6' title='bbox 1622 133 1684 158; x_wconf 85' lang='lat' dir='ltr'><strong>xv</strong></span> 
     </span>
    </p>
   </div>
   <div class='ocr_carea' id='block_1_2' title="bbox 160 236 1630 742">
    <p class='ocr_par' dir='ltr' id='par_1_2' title="bbox 160 236 1630 742">
     <span class='ocr_line' id='line_1_2' title="bbox 199 236 1532 287; baseline -0.002 -13"><span class='ocrx_word' id='word_1_7' title='bbox 199 237 294 287; x_wconf 87' lang='lat' dir='ltr'><strong>quid</strong></span> <span class='ocrx_word' id='word_1_8' title='bbox 329 238 505 287; x_wconf 90' lang='lat' dir='ltr'><strong>pertinet.</strong></span> <span class='ocrx_word' id='word_1_9' title='bbox 577 241 680 278; x_wconf 86' lang='lat' dir='ltr'><strong>Nam</strong></span> <span class='ocrx_word' id='word_1_10' title='bbox 713 239 810 278; x_wconf 87' lang='lat' dir='ltr'><strong>scito</strong></span> <span class='ocrx_word' id='word_1_11' title='bbox 845 248 882 278; x_wconf 80' lang='lat' dir='ltr'><strong>tc</strong></span> <span class='ocrx_word' id='word_1_12' title='bbox 916 238 951 277; x_wconf 88' lang='lat' dir='ltr'><strong>ei</strong></span> <span class='ocrx_word' id='word_1_13' title='bbox 990 238 1147 287; x_wconf 78' lang='lat' dir='ltr'><strong>dialogo</strong></span> <span class='ocrx_word' id='word_1_14' title='bbox 1180 236 1412 274; x_wconf 86' lang='lat' dir='ltr'><strong>adiunctum</strong></span> <span class='ocrx_word' id='word_1_15' title='bbox 1448 248 1532 273; x_wconf 79' lang='lat' dir='ltr'><strong>esse</strong></span> 
     </span>
     <span class='ocr_line' id='line_1_3' title="bbox 199 299 1531 354; baseline -0.003 -14"><span class='ocrx_word' id='word_1_16' title='bbox 199 303 365 341; x_wconf 87' lang='lat' dir='ltr'><strong>tertium.</strong></span> <span class='ocrx_word' id='word_1_17' title='bbox 426 304 579 353; x_wconf 88' lang='lat' dir='ltr'><strong>Opinor</strong></span> <span class='ocrx_word' id='word_1_18' title='bbox 612 305 726 354; x_wconf 77' lang='lat' dir='ltr'><strong>igitur</strong></span> <span class='ocrx_word' id='word_1_19' title='bbox 757 304 1062 343; x_wconf 74' lang='lat' dir='ltr'><strong>consideremus.</strong></span> <span class='ocrx_word' id='word_1_20' title='bbox 1136 301 1219 339; x_wconf 83' lang='lat' dir='ltr'><strong>Etsi</strong></span> <span class='ocrx_word' id='word_1_21' title='bbox 1255 300 1415 339; x_wconf 86' lang='lat' dir='ltr'><strong>nomina</strong></span> <span class='ocrx_word' id='word_1_22' title='bbox 1455 299 1531 336; x_wconf 87' lang='lat' dir='ltr'><strong>iam</strong></span> 
     </span>
     <span class='ocr_line' id='line_1_4' title="bbox 198 368 1206 418; baseline -0.001 -13"><span class='ocrx_word' id='word_1_23' title='bbox 198 369 299 405; x_wconf 86' lang='lat' dir='ltr'><strong>facta</strong></span> <span class='ocrx_word' id='word_1_24' title='bbox 320 376 433 415; x_wconf 76' lang='lat' dir='ltr'><strong>sunt3</strong></span> <span class='ocrx_word' id='word_1_25' title='bbox 463 370 532 407; x_wconf 93' lang='lat' dir='ltr'><strong>sed</strong></span> <span class='ocrx_word' id='word_1_26' title='bbox 554 371 613 407; x_wconf 83' lang='lat' dir='ltr'><strong>vel</strong></span> <span class='ocrx_word' id='word_1_27' title='bbox 635 369 769 408; x_wconf 88' lang='lat' dir='ltr'><strong>induci</strong></span> <span class='ocrx_word' id='word_1_28' title='bbox 789 371 849 408; x_wconf 87' lang='lat' dir='ltr'><strong>vel</strong></span> <span class='ocrx_word' id='word_1_29' title='bbox 870 368 1010 407; x_wconf 88' lang='lat' dir='ltr'><strong>mutari</strong></span> <span class='ocrx_word' id='word_1_30' title='bbox 1031 374 1206 418; x_wconf 80' lang='lat' dir='ltr'>possunt.</span> 
     </span>
     <span class='ocr_line' id='line_1_5' title="bbox 252 430 1575 483; baseline -0.002 -13"><span class='ocrx_word' id='word_1_31' title='bbox 252 433 362 481; x_wconf 85' lang='lat' dir='ltr'>Quid</span> <span class='ocrx_word' id='word_1_32' title='bbox 385 433 474 483; x_wconf 84' lang='lat' dir='ltr'><strong>agit,</strong></span> <span class='ocrx_word' id='word_1_33' title='bbox 498 435 663 472; x_wconf 85' lang='lat' dir='ltr'><strong>obsecro</strong></span> <span class='ocrx_word' id='word_1_34' title='bbox 685 443 732 481; x_wconf 85' lang='lat' dir='ltr'><strong>te,</strong></span> <span class='ocrx_word' id='word_1_35' title='bbox 756 434 888 472; x_wconf 83' lang='lat' dir='ltr'><strong>Attica</strong></span> <span class='ocrx_word' id='word_1_36' title='bbox 908 435 1069 471; x_wconf 88' lang='lat' dir='ltr'><strong>nostra?</strong></span> <span class='ocrx_word' id='word_1_37' title='bbox 1127 433 1230 470; x_wconf 89' lang='lat' dir='ltr'><strong>Nam</strong></span> <span class='ocrx_word' id='word_1_38' title='bbox 1253 431 1383 469; x_wconf 89' lang='lat' dir='ltr'><strong>triduo</strong></span> <span class='ocrx_word' id='word_1_39' title='bbox 1403 430 1473 467; x_wconf 90' lang='lat' dir='ltr'><strong>abs</strong></span> <span class='ocrx_word' id='word_1_40' title='bbox 1495 437 1532 467; x_wconf 89' lang='lat' dir='ltr'><strong>te</strong></span> <span class='ocrx_word' id='word_1_41' title='bbox 1551 441 1575 468; x_wconf 87' lang='lat'>2</span> 
     </span>
     <span class='ocr_line' id='line_1_6' title="bbox 160 487 1630 548; baseline -0.002 -14"><span class='ocrx_word' id='word_1_42' title='bbox 160 509 176 540; x_wconf 83' lang='lat'>5</span> <span class='ocrx_word' id='word_1_43' title='bbox 199 499 324 535; x_wconf 83' lang='lat' dir='ltr'><strong>nullas</strong></span> <span class='ocrx_word' id='word_1_44' title='bbox 353 512 609 548; x_wconf 79' lang='lat' dir='ltr'><strong>acceperam3</strong></span> <span class='ocrx_word' id='word_1_45' title='bbox 649 513 722 537; x_wconf 86' lang='lat' dir='ltr'><strong>nec</strong></span> <span class='ocrx_word' id='word_1_46' title='bbox 757 499 908 536; x_wconf 89' lang='lat' dir='ltr'><strong>mirum.</strong></span> <span class='ocrx_word' id='word_1_47' title='bbox 970 500 1101 536; x_wconf 81' lang='lat' dir='ltr'><strong>Nemo</strong></span> <span class='ocrx_word' id='word_1_48' title='bbox 1135 496 1240 535; x_wconf 85' lang='lat' dir='ltr'><strong>enim</strong></span> <span class='ocrx_word' id='word_1_49' title='bbox 1272 503 1429 534; x_wconf 83' lang='lat' dir='ltr'><strong>venerat</strong></span> <span class='ocrx_word' id='word_1_50' title='bbox 1460 507 1532 532; x_wconf 84' lang='lat' dir='ltr'><strong>nec</strong></span> <span class='ocrx_word' id='word_1_51' title='bbox 1554 487 1630 526; x_wconf 45' lang='grc' dir='ltr'><strong>’ΧΨ</strong></span> 
     </span>
     <span class='ocr_line' id='line_1_7' title="bbox 198 561 1530 613; baseline -0.004 -13"><span class='ocrx_word' id='word_1_52' title='bbox 198 564 360 601; x_wconf 89' lang='lat' dir='ltr'><strong>fortasse</strong></span> <span class='ocrx_word' id='word_1_53' title='bbox 398 577 516 602; x_wconf 87' lang='lat' dir='ltr'><strong>causa</strong></span> <span class='ocrx_word' id='word_1_54' title='bbox 554 565 686 602; x_wconf 85' lang='lat' dir='ltr'><strong>fuerat.</strong></span> <span class='ocrx_word' id='word_1_55' title='bbox 754 565 893 613; x_wconf 88' lang='lat' dir='ltr'><strong>Itaque</strong></span> <span class='ocrx_word' id='word_1_56' title='bbox 932 563 1015 612; x_wconf 88' lang='lat' dir='ltr'><strong>ipse</strong></span> <span class='ocrx_word' id='word_1_57' title='bbox 1054 563 1163 612; x_wconf 90' lang='lat' dir='ltr'><strong>quod</strong></span> <span class='ocrx_word' id='word_1_58' title='bbox 1202 561 1411 598; x_wconf 82' lang='lat' dir='ltr'><strong>scriberem</strong></span> <span class='ocrx_word' id='word_1_59' title='bbox 1452 572 1530 596; x_wconf 85' lang='lat' dir='ltr'><strong>non</strong></span> 
     </span>
     <span class='ocr_line' id='line_1_8' title="bbox 198 625 1531 677; baseline -0.002 -13"><span class='ocrx_word' id='word_1_60' title='bbox 198 628 405 666; x_wconf 77' lang='lat' dir='ltr'><strong>habebam.</strong></span> <span class='ocrx_word' id='word_1_61' title='bbox 467 630 560 677; x_wconf 82' lang='lat' dir='ltr'><strong>Quo</strong></span> <span class='ocrx_word' id='word_1_62' title='bbox 580 637 713 666; x_wconf 90' lang='lat' dir='ltr'><strong>autem</strong></span> <span class='ocrx_word' id='word_1_63' title='bbox 733 629 798 667; x_wconf 89' lang='lat' dir='ltr'><strong>die</strong></span> <span class='ocrx_word' id='word_1_64' title='bbox 819 630 887 666; x_wconf 87' lang='lat' dir='ltr'><strong>has</strong></span> <span class='ocrx_word' id='word_1_65' title='bbox 909 628 1066 666; x_wconf 76' lang='lat' dir='ltr'><strong>Valerio</strong></span> <span class='ocrx_word' id='word_1_66' title='bbox 1087 628 1232 666; x_wconf 87' lang='lat' dir='ltr'><strong>dabam</strong></span> <span class='ocrx_word' id='word_1_67' title='bbox 1254 625 1531 675; x_wconf 79' lang='lat' dir='ltr'><strong>exspectabam</strong></span> 
     </span>
     <span class='ocr_line' id='line_1_9' title="bbox 197 690 1529 742; baseline -0.001 -13"><span class='ocrx_word' id='word_1_68' title='bbox 197 692 369 741; x_wconf 78' lang='lat' dir='ltr'><strong>aliquem</strong></span> <span class='ocrx_word' id='word_1_69' title='bbox 400 706 587 731; x_wconf 90' lang='lat' dir='ltr'><strong>meorum.</strong></span> <span class='ocrx_word' id='word_1_70' title='bbox 650 693 729 741; x_wconf 84' lang='lat' dir='ltr'><strong>Qui</strong></span> <span class='ocrx_word' id='word_1_71' title='bbox 759 693 790 730; x_wconf 91' lang='lat' dir='ltr'><strong>si</strong></span> <span class='ocrx_word' id='word_1_72' title='bbox 814 693 983 731; x_wconf 82' lang='lat' dir='ltr'><strong>venisset</strong></span> <span class='ocrx_word' id='word_1_73' title='bbox 1014 701 1051 731; x_wconf 87' lang='lat' dir='ltr'><strong>et</strong></span> <span class='ocrx_word' id='word_1_74' title='bbox 1081 706 1103 730; x_wconf 92' lang='lat' dir='ltr'><strong>a</strong></span> <span class='ocrx_word' id='word_1_75' title='bbox 1133 700 1170 730; x_wconf 89' lang='lat' dir='ltr'><strong>te</strong></span> <span class='ocrx_word' id='word_1_76' title='bbox 1200 691 1296 742; x_wconf 86' lang='lat' dir='ltr'><strong>quid</strong></span> <span class='ocrx_word' id='word_1_77' title='bbox 1326 690 1529 737; x_wconf 82' lang='lat' dir='ltr'><strong>attulisset,</strong></span> 
     </span>
    </p>
   </div>
   <div class='ocr_carea' id='block_1_3' title="bbox 197 757 1100 807">
    <p class='ocr_par' dir='ltr' id='par_1_3' title="bbox 197 757 1100 807">
     <span class='ocr_line' id='line_1_10' title="bbox 197 757 1100 807; baseline 0.001 -13"><span class='ocrx_word' id='word_1_78' title='bbox 197 757 381 795; x_wconf 81' lang='lat' dir='ltr'><strong>videbam</strong></span> <span class='ocrx_word' id='word_1_79' title='bbox 402 771 483 795; x_wconf 88' lang='lat' dir='ltr'><strong>non</strong></span> <span class='ocrx_word' id='word_1_80' title='bbox 504 759 729 796; x_wconf 85' lang='lat' dir='ltr'><strong>defuturum</strong></span> <span class='ocrx_word' id='word_1_81' title='bbox 751 759 859 807; x_wconf 85' lang='lat' dir='ltr'><strong>quod</strong></span> <span class='ocrx_word' id='word_1_82' title='bbox 880 757 1100 796; x_wconf 84' lang='lat' dir='ltr'><strong>scriberem.</strong></span> 
     </span>
    </p>
   </div>
   <div class='ocr_carea' id='block_1_4' title="bbox 141 902 1244 1026">
    <p class='ocr_par' dir='ltr' id='par_1_4' title="bbox 141 902 1244 1026">
     <span class='ocr_line' id='line_1_11' title="bbox 141 902 1244 948; baseline 0.001 -11"><span class='ocrx_word' id='word_1_83' title='bbox 141 915 180 938; x_wconf 91' lang='lat'><strong>10</strong></span> <span class='ocrx_word' id='word_1_84' title='bbox 242 902 352 937; x_wconf 86' lang='lat' dir='ltr'><strong>XVI</strong></span> <span class='ocrx_word' id='word_1_85' title='bbox 478 906 544 938; x_wconf 69' lang='lat' dir='ltr'><strong>Ser.</strong></span> <span class='ocrx_word' id='word_1_86' title='bbox 566 907 598 937; x_wconf 74' lang='lat' dir='ltr'><strong>in</strong></span> <span class='ocrx_word' id='word_1_87' title='bbox 615 907 821 947; x_wconf 78' lang='lat' dir='ltr'><strong>Arpinatz&#39;iv</strong></span> <span class='ocrx_word' id='word_1_88' title='bbox 837 907 879 938; x_wconf 83' lang='lat' dir='ltr'><strong>K.</strong></span> <span class='ocrx_word' id='word_1_89' title='bbox 899 907 1010 946; x_wconf 80' lang='lat' dir='ltr'><strong>Quint.</strong></span> <span class='ocrx_word' id='word_1_90' title='bbox 1033 919 1063 938; x_wconf 83' lang='grc' dir='ltr'><strong>α.</strong></span> <span class='ocrx_word' id='word_1_91' title='bbox 1086 918 1145 947; x_wconf 80' lang='lat'><strong>709</strong></span> <span class='ocrx_word' id='word_1_92' title='bbox 1164 907 1244 948; x_wconf 54' lang='grc' dir='ltr'><strong>(ῃ).</strong></span> 
     </span>
     <span class='ocr_line' id='line_1_12' title="bbox 609 995 1126 1026; baseline 0 0"><span class='ocrx_word' id='word_1_93' title='bbox 609 995 779 1026; x_wconf 76' lang='lat' dir='ltr'><em>CJCERO</em></span> <span class='ocrx_word' id='word_1_94' title='bbox 810 995 991 1026; x_wconf 83' lang='lat' dir='ltr'><em>ATTICO</em></span> <span class='ocrx_word' id='word_1_95' title='bbox 1021 995 1126 1026; x_wconf 70' lang='lat' dir='ltr'><strong>SAL.</strong></span> 
     </span>
    </p>
   </div>
   <div class='ocr_carea' id='block_1_5' title="bbox 137 1082 1570 2049">
    <p class='ocr_par' dir='ltr' id='par_1_5' title="bbox 196 1082 1567 1264">
     <span class='ocr_line' id='line_1_13' title="bbox 252 1082 1567 1134; baseline -0.002 -12"><span class='ocrx_word' id='word_1_96' title='bbox 252 1086 336 1123; x_wconf 93' lang='lat' dir='ltr'><strong>Nos</strong></span> <span class='ocrx_word' id='word_1_97' title='bbox 364 1098 454 1122; x_wconf 90' lang='lat' dir='ltr'><strong>cum</strong></span> <span class='ocrx_word' id='word_1_98' title='bbox 483 1084 646 1122; x_wconf 89' lang='lat' dir='ltr'><strong>flumina</strong></span> <span class='ocrx_word' id='word_1_99' title='bbox 665 1092 702 1122; x_wconf 91' lang='lat' dir='ltr'><strong>et</strong></span> <span class='ocrx_word' id='word_1_100' title='bbox 724 1084 978 1123; x_wconf 87' lang='lat' dir='ltr'><strong>solitudinem</strong></span> <span class='ocrx_word' id='word_1_101' title='bbox 1000 1098 1253 1134; x_wconf 83' lang='lat' dir='ltr'><strong>sequeremur</strong></span> <span class='ocrx_word' id='word_1_102' title='bbox 1274 1097 1353 1134; x_wconf 92' lang='lat' dir='ltr'><strong>quo</strong></span> <span class='ocrx_word' id='word_1_103' title='bbox 1381 1082 1530 1121; x_wconf 85' lang='lat' dir='ltr'><strong>facilius</strong></span> <span class='ocrx_word' id='word_1_104' title='bbox 1552 1093 1567 1118; x_wconf 96' lang='lat'>1</span> 
     </span>
     <span class='ocr_line' id='line_1_14' title="bbox 197 1148 1530 1199; baseline -0.002 -12"><span class='ocrx_word' id='word_1_105' title='bbox 197 1157 414 1187; x_wconf 84' lang='lat' dir='ltr'><strong>sustentare</strong></span> <span class='ocrx_word' id='word_1_106' title='bbox 444 1162 515 1186; x_wconf 88' lang='lat' dir='ltr'><strong>nos</strong></span> <span class='ocrx_word' id='word_1_107' title='bbox 546 1163 762 1199; x_wconf 77' lang='lat' dir='ltr'><strong>possemus,</strong></span> <span class='ocrx_word' id='word_1_108' title='bbox 785 1150 927 1199; x_wconf 88' lang='lat' dir='ltr'><strong>pedem</strong></span> <span class='ocrx_word' id='word_1_109' title='bbox 954 1163 975 1187; x_wconf 92' lang='lat' dir='ltr'><strong>e</strong></span> <span class='ocrx_word' id='word_1_110' title='bbox 999 1149 1089 1187; x_wconf 81' lang='lat' dir='ltr'><strong>villa</strong></span> <span class='ocrx_word' id='word_1_111' title='bbox 1117 1150 1248 1187; x_wconf 85' lang='lat' dir='ltr'><strong>adhue</strong></span> <span class='ocrx_word' id='word_1_112' title='bbox 1278 1148 1420 1199; x_wconf 81' lang='lat' dir='ltr'><strong>egressi</strong></span> <span class='ocrx_word' id='word_1_113' title='bbox 1450 1161 1530 1185; x_wconf 88' lang='lat' dir='ltr'><strong>non</strong></span> 
     </span>
     <span class='ocr_line' id='line_1_15' title="bbox 196 1214 1529 1264; baseline -0.002 -12"><span class='ocrx_word' id='word_1_114' title='bbox 196 1228 357 1261; x_wconf 75' lang='lat' dir='ltr'><strong>sumus3</strong></span> <span class='ocrx_word' id='word_1_115' title='bbox 385 1215 438 1252; x_wconf 91' lang='lat' dir='ltr'><strong>ita</strong></span> <span class='ocrx_word' id='word_1_116' title='bbox 465 1228 628 1264; x_wconf 82' lang='lat' dir='ltr'><strong>magnos</strong></span> <span class='ocrx_word' id='word_1_117' title='bbox 655 1222 693 1253; x_wconf 88' lang='lat' dir='ltr'><strong>et</strong></span> <span class='ocrx_word' id='word_1_118' title='bbox 719 1215 907 1253; x_wconf 90' lang='lat' dir='ltr'><strong>adsiduos</strong></span> <span class='ocrx_word' id='word_1_119' title='bbox 934 1214 1068 1253; x_wconf 86' lang='lat' dir='ltr'><strong>imbris</strong></span> <span class='ocrx_word' id='word_1_120' title='bbox 1099 1215 1355 1253; x_wconf 84' lang='lat' dir='ltr'><strong>habebamus.</strong></span> <span class='ocrx_word' id='word_1_121' title='bbox 1416 1215 1529 1251; x_wconf 91' lang='lat' dir='ltr'><strong>Illam</strong></span> 
     </span>
    </p>

    <p class='ocr_par' dir='ltr' id='par_1_6' title="bbox 140 1278 1532 1589">
     <span class='ocr_line' id='line_1_16' title="bbox 140 1278 1531 1330; baseline -0.001 -14"><span class='ocrx_word' id='word_1_122' title='bbox 140 1293 176 1324; x_wconf 82' lang='lat'><strong>15</strong></span> <span class='ocrx_word' id='word_1_123' title='bbox 197 1280 449 1330; x_wconf 79' lang='grc' dir='ltr'>Ἀκαδημικὴν</span> <span class='ocrx_word' id='word_1_124' title='bbox 469 1281 642 1325; x_wconf 80' lang='grc' dir='ltr'>σύνταξιν</span> <span class='ocrx_word' id='word_1_125' title='bbox 657 1287 779 1317; x_wconf 88' lang='lat' dir='ltr'><strong>totam</strong></span> <span class='ocrx_word' id='word_1_126' title='bbox 796 1281 847 1317; x_wconf 87' lang='lat' dir='ltr'><strong>ad</strong></span> <span class='ocrx_word' id='word_1_127' title='bbox 863 1281 1082 1317; x_wconf 79' lang='lat' dir='ltr'><strong>Varronem</strong></span> <span class='ocrx_word' id='word_1_128' title='bbox 1103 1278 1355 1317; x_wconf 76' lang='lat' dir='ltr'><strong>traduximus.</strong></span> <span class='ocrx_word' id='word_1_129' title='bbox 1399 1278 1531 1315; x_wconf 89' lang='lat' dir='ltr'><strong>Primo</strong></span> 
     </span>
     <span class='ocr_line' id='line_1_17' title="bbox 197 1344 1532 1394; baseline -0.001 -12"><span class='ocrx_word' id='word_1_130' title='bbox 197 1345 267 1383; x_wconf 88' lang='lat' dir='ltr'><strong>fuit</strong></span> <span class='ocrx_word' id='word_1_131' title='bbox 289 1345 429 1391; x_wconf 89' lang='lat' dir='ltr'><strong>Catuli,</strong></span> <span class='ocrx_word' id='word_1_132' title='bbox 455 1344 619 1391; x_wconf 90' lang='lat' dir='ltr'><strong>Luculli,</strong></span> <span class='ocrx_word' id='word_1_133' title='bbox 650 1344 865 1391; x_wconf 78' lang='lat' dir='ltr'><strong>Hortensi3</strong></span> <span class='ocrx_word' id='word_1_134' title='bbox 902 1344 1047 1383; x_wconf 91' lang='lat' dir='ltr'><strong>deinde</strong></span> <span class='ocrx_word' id='word_1_135' title='bbox 1074 1344 1166 1394; x_wconf 87' lang='lat' dir='ltr'><strong>quia</strong></span> <span class='ocrx_word' id='word_1_136' title='bbox 1193 1346 1293 1394; x_wconf 82' lang='grc' dir='ltr'>παρὰ</span> <span class='ocrx_word' id='word_1_137' title='bbox 1321 1345 1363 1382; x_wconf 86' lang='grc' dir='ltr'><strong>τὸ</strong></span> <span class='ocrx_word' id='word_1_138' title='bbox 1391 1344 1532 1393; x_wconf 80' lang='grc' dir='ltr'>πρέπον</span> 
     </span>
     <span class='ocr_line' id='line_1_18' title="bbox 196 1410 1530 1460; baseline 0 -12"><span class='ocrx_word' id='word_1_139' title='bbox 196 1411 411 1457; x_wconf 81' lang='lat' dir='ltr'><strong>videbatur,</strong></span> <span class='ocrx_word' id='word_1_140' title='bbox 435 1411 543 1460; x_wconf 92' lang='lat' dir='ltr'><strong>quod</strong></span> <span class='ocrx_word' id='word_1_141' title='bbox 570 1418 649 1448; x_wconf 87' lang='lat' dir='ltr'><strong>erat</strong></span> <span class='ocrx_word' id='word_1_142' title='bbox 677 1410 904 1448; x_wconf 90' lang='lat' dir='ltr'><strong>hominibus</strong></span> <span class='ocrx_word' id='word_1_143' title='bbox 932 1418 1025 1448; x_wconf 83' lang='lat' dir='ltr'><strong>nota</strong></span> <span class='ocrx_word' id='word_1_144' title='bbox 1055 1424 1135 1448; x_wconf 91' lang='lat' dir='ltr'><strong>non</strong></span> <span class='ocrx_word' id='word_1_145' title='bbox 1160 1410 1224 1448; x_wconf 86' lang='lat' dir='ltr'><strong>illa</strong></span> <span class='ocrx_word' id='word_1_146' title='bbox 1244 1410 1405 1460; x_wconf 89' lang='lat' dir='ltr'><strong>quidem</strong></span> <span class='ocrx_word' id='word_1_147' title='bbox 1427 1412 1530 1448; x_wconf 81' lang='grc' dir='ltr'>ἀπαι-</span> 
     </span>
     <span class='ocr_line' id='line_1_19' title="bbox 196 1474 1530 1524; baseline -0.001 -11"><span class='ocrx_word' id='word_1_148' title='bbox 196 1476 322 1514; x_wconf 77' lang='grc' dir='ltr'>δευσία</span> <span class='ocrx_word' id='word_1_149' title='bbox 353 1476 423 1513; x_wconf 86' lang='lat' dir='ltr'><strong>sed</strong></span> <span class='ocrx_word' id='word_1_150' title='bbox 454 1475 493 1512; x_wconf 91' lang='lat' dir='ltr'><strong>in</strong></span> <span class='ocrx_word' id='word_1_151' title='bbox 525 1475 570 1512; x_wconf 88' lang='lat' dir='ltr'><strong>iis</strong></span> <span class='ocrx_word' id='word_1_152' title='bbox 602 1475 717 1513; x_wconf 88' lang='lat' dir='ltr'><strong>rebus</strong></span> <span class='ocrx_word' id='word_1_153' title='bbox 752 1476 912 1524; x_wconf 77' lang='grc' dir='ltr'>ἀτριψία,</span> <span class='ocrx_word' id='word_1_154' title='bbox 947 1475 1062 1512; x_wconf 90' lang='lat' dir='ltr'><strong>simul</strong></span> <span class='ocrx_word' id='word_1_155' title='bbox 1100 1489 1146 1513; x_wconf 90' lang='lat' dir='ltr'><strong>ac</strong></span> <span class='ocrx_word' id='word_1_156' title='bbox 1178 1475 1266 1513; x_wconf 71' lang='lat' dir='ltr'><strong>veni</strong></span> <span class='ocrx_word' id='word_1_157' title='bbox 1300 1476 1351 1513; x_wconf 89' lang='lat' dir='ltr'><strong>ad</strong></span> <span class='ocrx_word' id='word_1_158' title='bbox 1385 1474 1530 1522; x_wconf 80' lang='lat' dir='ltr'><strong>villam,</strong></span> 
     </span>
     <span class='ocr_line' id='line_1_20' title="bbox 196 1540 1526 1589; baseline -0.001 -11"><span class='ocrx_word' id='word_1_159' title='bbox 196 1543 358 1579; x_wconf 86' lang='lat' dir='ltr'><strong>eosdem</strong></span> <span class='ocrx_word' id='word_1_160' title='bbox 393 1541 478 1578; x_wconf 90' lang='lat' dir='ltr'><strong>illos</strong></span> <span class='ocrx_word' id='word_1_161' title='bbox 513 1553 713 1578; x_wconf 88' lang='lat' dir='ltr'><strong>sermones</strong></span> <span class='ocrx_word' id='word_1_162' title='bbox 744 1541 794 1578; x_wconf 87' lang='lat' dir='ltr'><strong>ad</strong></span> <span class='ocrx_word' id='word_1_163' title='bbox 827 1541 1021 1579; x_wconf 87' lang='lat' dir='ltr'><strong>Catonem</strong></span> <span class='ocrx_word' id='word_1_164' title='bbox 1058 1543 1304 1589; x_wconf 86' lang='lat' dir='ltr'><strong>Brutumque</strong></span> <span class='ocrx_word' id='word_1_165' title='bbox 1338 1540 1526 1577; x_wconf 89' lang='lat' dir='ltr'><strong>transtuli.</strong></span> 
     </span>
    </p>

    <p class='ocr_par' dir='ltr' id='par_1_7' title="bbox 137 1605 1570 1852">
     <span class='ocr_line' id='line_1_21' title="bbox 137 1605 1529 1655; baseline -0.001 -11"><span class='ocrx_word' id='word_1_166' title='bbox 137 1624 175 1644; x_wconf 83' lang='lat'><strong>20</strong></span> <span class='ocrx_word' id='word_1_167' title='bbox 198 1607 302 1644; x_wconf 89' lang='lat' dir='ltr'><strong>Ecce</strong></span> <span class='ocrx_word' id='word_1_168' title='bbox 341 1614 430 1643; x_wconf 90' lang='lat' dir='ltr'><strong>tuae</strong></span> <span class='ocrx_word' id='word_1_169' title='bbox 469 1605 617 1643; x_wconf 84' lang='lat' dir='ltr'><strong>litterae</strong></span> <span class='ocrx_word' id='word_1_170' title='bbox 655 1606 706 1643; x_wconf 90' lang='lat' dir='ltr'><strong>de</strong></span> <span class='ocrx_word' id='word_1_171' title='bbox 744 1607 930 1643; x_wconf 83' lang='lat' dir='ltr'><strong>Varrone.</strong></span> <span class='ocrx_word' id='word_1_172' title='bbox 993 1605 1152 1643; x_wconf 88' lang='lat' dir='ltr'><strong>Nemini</strong></span> <span class='ocrx_word' id='word_1_173' title='bbox 1188 1605 1269 1643; x_wconf 89' lang='lat' dir='ltr'><strong>visa</strong></span> <span class='ocrx_word' id='word_1_174' title='bbox 1307 1613 1365 1643; x_wconf 87' lang='lat' dir='ltr'><strong>est</strong></span> <span class='ocrx_word' id='word_1_175' title='bbox 1402 1605 1529 1655; x_wconf 88' lang='lat' dir='ltr'><strong>aptior</strong></span> 
     </span>
     <span class='ocr_line' id='line_1_22' title="bbox 194 1670 1570 1720; baseline 0.001 -12"><span class='ocrx_word' id='word_1_176' title='bbox 194 1671 408 1709; x_wconf 81' lang='lat' dir='ltr'><strong>Antiochia</strong></span> <span class='ocrx_word' id='word_1_177' title='bbox 438 1670 544 1708; x_wconf 90' lang='lat' dir='ltr'><strong>ratio.</strong></span> <span class='ocrx_word' id='word_1_178' title='bbox 605 1671 683 1708; x_wconf 81' lang='lat' dir='ltr'><strong>Sed</strong></span> <span class='ocrx_word' id='word_1_179' title='bbox 711 1678 842 1708; x_wconf 89' lang='lat' dir='ltr'><strong>tamen</strong></span> <span class='ocrx_word' id='word_1_180' title='bbox 864 1670 979 1708; x_wconf 89' lang='lat' dir='ltr'><strong>velim</strong></span> <span class='ocrx_word' id='word_1_181' title='bbox 1005 1670 1151 1708; x_wconf 85' lang='lat' dir='ltr'><strong>scribas</strong></span> <span class='ocrx_word' id='word_1_182' title='bbox 1180 1671 1231 1708; x_wconf 86' lang='lat' dir='ltr'><strong>ad</strong></span> <span class='ocrx_word' id='word_1_183' title='bbox 1259 1683 1332 1716; x_wconf 90' lang='lat' dir='ltr'><strong>me,</strong></span> <span class='ocrx_word' id='word_1_184' title='bbox 1356 1670 1525 1720; x_wconf 89' lang='lat' dir='ltr'><strong>primum</strong></span> <span class='ocrx_word' id='word_1_185' title='bbox 1546 1682 1570 1709; x_wconf 91' lang='lat'>2</span> 
     </span>
     <span class='ocr_line' id='line_1_23' title="bbox 194 1735 1527 1787; baseline -0.002 -12"><span class='ocrx_word' id='word_1_186' title='bbox 194 1739 398 1787; x_wconf 87' lang='lat' dir='ltr'><strong>placeatne</strong></span> <span class='ocrx_word' id='word_1_187' title='bbox 429 1736 498 1775; x_wconf 90' lang='lat' dir='ltr'><strong>tibi</strong></span> <span class='ocrx_word' id='word_1_188' title='bbox 527 1735 675 1785; x_wconf 88' lang='lat' dir='ltr'><strong>aliquid</strong></span> <span class='ocrx_word' id='word_1_189' title='bbox 705 1737 755 1774; x_wconf 88' lang='lat' dir='ltr'><strong>ad</strong></span> <span class='ocrx_word' id='word_1_190' title='bbox 786 1736 905 1782; x_wconf 88' lang='lat' dir='ltr'><strong>illum,</strong></span> <span class='ocrx_word' id='word_1_191' title='bbox 936 1736 1093 1783; x_wconf 82' lang='lat' dir='ltr'><strong>deinde,</strong></span> <span class='ocrx_word' id='word_1_192' title='bbox 1125 1737 1155 1774; x_wconf 90' lang='lat' dir='ltr'><strong>si</strong></span> <span class='ocrx_word' id='word_1_193' title='bbox 1186 1735 1367 1785; x_wconf 87' lang='lat' dir='ltr'><strong>placebit,</strong></span> <span class='ocrx_word' id='word_1_194' title='bbox 1399 1737 1527 1773; x_wconf 88' lang='lat' dir='ltr'><strong>hocne</strong></span> 
     </span>
     <span class='ocr_line' id='line_1_24' title="bbox 194 1802 452 1852; baseline -0.004 -12"><span class='ocrx_word' id='word_1_195' title='bbox 194 1802 452 1852; x_wconf 89' lang='lat' dir='ltr'><strong>potissimum.</strong></span> 
     </span>
    </p>

    <p class='ocr_par' dir='ltr' id='par_1_8' title="bbox 249 1866 1527 1917">
     <span class='ocr_line' id='line_1_25' title="bbox 249 1866 1527 1917; baseline -0.002 -11"><span class='ocrx_word' id='word_1_196' title='bbox 249 1868 391 1917; x_wconf 82' lang='lat' dir='ltr'><strong>Quid?</strong></span> <span class='ocrx_word' id='word_1_197' title='bbox 447 1868 607 1907; x_wconf 86' lang='lat' dir='ltr'><strong>Servilia</strong></span> <span class='ocrx_word' id='word_1_198' title='bbox 645 1869 774 1907; x_wconf 90' lang='lat' dir='ltr'><strong>iamne</strong></span> <span class='ocrx_word' id='word_1_199' title='bbox 813 1869 952 1908; x_wconf 85' lang='lat' dir='ltr'><strong>venit?</strong></span> <span class='ocrx_word' id='word_1_200' title='bbox 1010 1871 1152 1907; x_wconf 87' lang='lat' dir='ltr'><strong>Brutus</strong></span> <span class='ocrx_word' id='word_1_201' title='bbox 1192 1866 1335 1916; x_wconf 89' lang='lat' dir='ltr'><strong>ecquid</strong></span> <span class='ocrx_word' id='word_1_202' title='bbox 1373 1866 1451 1917; x_wconf 82' lang='lat' dir='ltr'><strong>agit</strong></span> <span class='ocrx_word' id='word_1_203' title='bbox 1490 1874 1527 1904; x_wconf 87' lang='lat' dir='ltr'><strong>et</strong></span> 
     </span>
    </p>

    <p class='ocr_par' dir='ltr' id='par_1_9' title="bbox 137 1934 1526 2049">
     <span class='ocr_line' id='line_1_26' title="bbox 137 1934 1526 1984; baseline 0 -15"><span class='ocrx_word' id='word_1_204' title='bbox 137 1946 174 1978; x_wconf 85' lang='lat'><strong>25</strong></span> <span class='ocrx_word' id='word_1_205' title='bbox 194 1934 385 1981; x_wconf 87' lang='lat' dir='ltr'><strong>quando?</strong></span> <span class='ocrx_word' id='word_1_206' title='bbox 434 1935 495 1971; x_wconf 87' lang='lat' dir='ltr'><strong>De</strong></span> <span class='ocrx_word' id='word_1_207' title='bbox 517 1935 684 1972; x_wconf 89' lang='lat' dir='ltr'><strong>Caesare</strong></span> <span class='ocrx_word' id='word_1_208' title='bbox 705 1934 800 1984; x_wconf 90' lang='lat' dir='ltr'><strong>quid</strong></span> <span class='ocrx_word' id='word_1_209' title='bbox 821 1935 1006 1973; x_wconf 84' lang='lat' dir='ltr'><strong>auditur?</strong></span> <span class='ocrx_word' id='word_1_210' title='bbox 1063 1936 1149 1984; x_wconf 84' lang='lat' dir='ltr'><strong>Ego</strong></span> <span class='ocrx_word' id='word_1_211' title='bbox 1169 1934 1220 1971; x_wconf 83' lang='lat' dir='ltr'><strong>ad</strong></span> <span class='ocrx_word' id='word_1_212' title='bbox 1242 1934 1389 1978; x_wconf 89' lang='lat' dir='ltr'><strong>Nonas,</strong></span> <span class='ocrx_word' id='word_1_213' title='bbox 1409 1945 1526 1982; x_wconf 91' lang='lat' dir='ltr'><strong>quem</strong></span> 
     </span>
     <span class='ocr_line' id='line_1_27' title="bbox 193 1997 1298 2049; baseline 0.001 -15"><span class='ocrx_word' id='word_1_214' title='bbox 193 1998 245 2035; x_wconf 89' lang='lat' dir='ltr'><strong>ad</strong></span> <span class='ocrx_word' id='word_1_215' title='bbox 265 1999 428 2035; x_wconf 89' lang='lat' dir='ltr'><strong>modum</strong></span> <span class='ocrx_word' id='word_1_216' title='bbox 450 1998 539 2036; x_wconf 76' lang='lat' dir='ltr'><strong>dixi.</strong></span> <span class='ocrx_word' id='word_1_217' title='bbox 600 2000 661 2036; x_wconf 90' lang='lat' dir='ltr'><strong>Tu</strong></span> <span class='ocrx_word' id='word_1_218' title='bbox 683 2012 773 2036; x_wconf 88' lang='lat' dir='ltr'><strong>cum</strong></span> <span class='ocrx_word' id='word_1_219' title='bbox 797 1999 951 2046; x_wconf 87' lang='lat' dir='ltr'><strong>Pisone,</strong></span> <span class='ocrx_word' id='word_1_220' title='bbox 974 1999 1005 2037; x_wconf 88' lang='lat' dir='ltr'><strong>si</strong></span> <span class='ocrx_word' id='word_1_221' title='bbox 1026 1999 1122 2049; x_wconf 88' lang='lat' dir='ltr'><strong>quid</strong></span> <span class='ocrx_word' id='word_1_222' title='bbox 1143 1997 1298 2048; x_wconf 89' lang='lat' dir='ltr'><strong>poteris.</strong></span> 
     </span>
    </p>
   </div>
   <div class='ocr_carea' id='block_1_6' title="bbox 194 2100 1529 2228">
    <p class='ocr_par' dir='ltr' id='par_1_10' title="bbox 194 2100 1529 2228">
     <span class='ocr_line' id='line_1_28' title="bbox 237 2100 1526 2140; baseline 0.001 -11"><span class='ocrx_word' id='word_1_223' title='bbox 237 2101 257 2129; x_wconf 91' lang='lat'><strong>6</strong></span> <span class='ocrx_word' id='word_1_224' title='bbox 280 2104 309 2130; x_wconf 86' lang='lat' dir='ltr'><strong>et</strong></span> <span class='ocrx_word' id='word_1_225' title='bbox 330 2111 351 2139; x_wconf 89' lang='lat'><strong>9</strong></span> <span class='ocrx_word' id='word_1_226' title='bbox 374 2101 464 2139; x_wconf 89' lang='lat' dir='ltr'><strong>quod</strong></span> <span class='ocrx_word' id='word_1_227' title='bbox 491 2100 641 2131; x_wconf 75' lang='lat' dir='ltr'><strong>Ernesti:</strong></span> <span class='ocrx_word' id='word_1_228' title='bbox 673 2103 753 2140; x_wconf 86' lang='lat' dir='ltr'><strong>quid</strong></span> <span class='ocrx_word' id='word_1_229' title='bbox 772 2101 813 2130; x_wconf 87' lang='grc' dir='ltr'><em>Μ</em></span> <span class='ocrx_word' id='word_1_230' title='bbox 999 2112 1036 2131; x_wconf 81' lang='lat'><strong>12</strong></span> <span class='ocrx_word' id='word_1_231' title='bbox 1062 2101 1278 2132; x_wconf 87' lang='lat' dir='ltr'><strong>solitudinem</strong></span> <span class='ocrx_word' id='word_1_232' title='bbox 1304 2105 1380 2131; x_wconf 71' lang='grc' dir='ltr'><strong>ΣΔτ</strong></span> <span class='ocrx_word' id='word_1_233' title='bbox 1415 2100 1526 2130; x_wconf 89' lang='lat' dir='ltr'><strong>solitu-</strong></span> 
     </span>
     <span class='ocr_line' id='line_1_29' title="bbox 194 2143 1527 2184; baseline 0.002 -11"><span class='ocrx_word' id='word_1_234' title='bbox 194 2143 293 2173; x_wconf 85' lang='lat' dir='ltr'><strong>dines</strong></span> <span class='ocrx_word' id='word_1_235' title='bbox 327 2144 415 2176; x_wconf 77' lang='lat' dir='ltr'><strong>Crat.</strong></span> <span class='ocrx_word' id='word_1_236' title='bbox 442 2155 470 2174; x_wconf 86' lang='lat' dir='ltr'><strong>v.</strong></span> <span class='ocrx_word' id='word_1_237' title='bbox 491 2156 514 2174; x_wconf 73' lang='lat' dir='ltr'><strong>e.</strong></span> <span class='ocrx_word' id='word_1_238' title='bbox 545 2143 573 2173; x_wconf 91' lang='lat' dir='ltr'><em>L</em></span> <span class='ocrx_word' id='word_1_239' title='bbox 601 2146 740 2184; x_wconf 61' lang='lat' dir='ltr'><strong>(marg.)</strong></span> <span class='ocrx_word' id='word_1_240' title='bbox 775 2145 888 2175; x_wconf 64' lang='lat' dir='ltr'><strong>codz&#39;cps</strong></span> <span class='ocrx_word' id='word_1_241' title='bbox 920 2146 1008 2183; x_wconf 68' lang='lat' dir='ltr'><strong>Bosi,</strong></span> <span class='ocrx_word' id='word_1_242' title='bbox 1039 2147 1073 2183; x_wconf 73' lang='lat' dir='ltr'><strong>(f.</strong></span> <span class='ocrx_word' id='word_1_243' title='bbox 1107 2146 1163 2176; x_wconf 75' lang='lat' dir='ltr'><strong>xii.</strong></span> <span class='ocrx_word' id='word_1_244' title='bbox 1194 2156 1246 2184; x_wconf 78' lang='lat'><strong>23.</strong></span> <span class='ocrx_word' id='word_1_245' title='bbox 1276 2155 1288 2175; x_wconf 95' lang='lat'>1</span> <span class='ocrx_word' id='word_1_246' title='bbox 1491 2154 1527 2182; x_wconf 86' lang='lat'><strong>15</strong></span> 
     </span>
     <span class='ocr_line' id='line_1_30' title="bbox 197 2183 1529 2228; baseline 0.001 -12"><span class='ocrx_word' id='word_1_247' title='bbox 197 2187 306 2217; x_wconf 83' lang='lat' dir='ltr'><strong>Primo</strong></span> <span class='ocrx_word' id='word_1_248' title='bbox 331 2187 398 2218; x_wconf 88' lang='lat' dir='ltr'><strong>Cv.</strong></span> <span class='ocrx_word' id='word_1_249' title='bbox 420 2198 443 2217; x_wconf 85' lang='lat' dir='ltr'><strong>c.</strong></span> <span class='ocrx_word' id='word_1_250' title='bbox 462 2186 490 2216; x_wconf 92' lang='lat' dir='ltr'><em>L</em></span> <span class='ocrx_word' id='word_1_251' title='bbox 511 2188 649 2228; x_wconf 57' lang='lat' dir='ltr'><strong>(marg.)</strong></span> <span class='ocrx_word' id='word_1_252' title='bbox 668 2183 712 2217; x_wconf 67' lang='lat'><strong>2³¹</strong></span> <span class='ocrx_word' id='word_1_253' title='bbox 730 2201 736 2219; x_wconf 91' lang='lat'>:</span> <span class='ocrx_word' id='word_1_254' title='bbox 761 2191 861 2220; x_wconf 83' lang='lat' dir='ltr'><strong>modo</strong></span> <span class='ocrx_word' id='word_1_255' title='bbox 894 2193 947 2220; x_wconf 79' lang='grc' dir='ltr'><strong>ΣΔ</strong></span> <span class='ocrx_word' id='word_1_256' title='bbox 1181 2199 1218 2219; x_wconf 82' lang='lat'><strong>21</strong></span> <span class='ocrx_word' id='word_1_257' title='bbox 1247 2188 1427 2227; x_wconf 65' lang='grc' dir='ltr'>Ἀντιόχεια</span> <span class='ocrx_word' id='word_1_258' title='bbox 1444 2187 1529 2217; x_wconf 83' lang='lat' dir='ltr'><strong>Boot</strong></span> 
     </span>
    </p>
   </div>
   <div class='ocr_carea' id='block_1_7' title="bbox 194 2230 585 2271">
    <p class='ocr_par' dir='ltr' id='par_1_11' title="bbox 194 2230 585 2271">
     <span class='ocr_line' id='line_1_31' title="bbox 194 2230 585 2271; baseline -0.003 -11"><span class='ocrx_word' id='word_1_259' title='bbox 194 2240 234 2260; x_wconf 83' lang='lat'><strong>22</strong></span> <span class='ocrx_word' id='word_1_260' title='bbox 260 2231 379 2260; x_wconf 85' lang='lat' dir='ltr'><strong>hocine</strong></span> <span class='ocrx_word' id='word_1_261' title='bbox 398 2230 585 2271; x_wconf 67' lang='lat' dir='ltr'><strong>[Vesenbmg</strong></span> 
     </span>
    </p>
   </div>
  </div>
 </body>
</html>
