1742 2651
98 83 208 121 XVI.
231 82 292 119 vii
614 83 669 119 M.
701 81 870 118 TVLLI
902 79 1209 119 CICERONIS

246 193 435 231 maximas
470 192 787 243 vituperationes,
815 205 949 237 unam,
983 204 1102 240 quam
1134 190 1271 228 itinere
1302 188 1484 226 faciendo
1513 201 1578 225 me

247 259 523 308 intellegebam
572 257 780 307 suscipere,
831 255 1116 306 desperationis
1168 269 1214 293 ac
1266 253 1478 292 relictionis
1524 251 1579 290 rei

247 323 429 374 publicae
451 324 607 373 (flentes
632 336 789 360 mecum
810 323 927 371 vulgo
954 321 1219 370 querebantur
1245 319 1389 368 quibus
1419 319 1468 355 de
1490 330 1580 355 meo

248 388 363 427 celeri
385 388 511 426 reditu
534 401 614 426 non
642 385 890 437 probabam),
912 387 1088 432 alteram,
1108 386 1158 423 de
1179 398 1257 434 qua
1278 386 1420 421 Brutus
1449 390 1486 420 et
1513 381 1580 431 qui

248 467 327 491 una
369 460 477 492 erant
517 452 647 503 (multi
694 459 826 489 autem
872 450 998 500 erant)
1043 450 1299 495 laetabantur,
1340 448 1448 497 quod
1493 460 1580 484 eam
1602 460 1619 490 5

247 517 575 568 vituperationem
598 516 821 566 effugissem
845 529 907 553 me
929 514 1139 553 existimari
1160 515 1211 551 ad
1233 512 1426 562 Olympia.
1488 513 1582 549 Hoc

248 596 340 621 vero
374 582 470 619 nihil
510 581 660 631 turpius
696 581 835 630 quovis
870 580 923 618 rei
960 579 1142 629 publicae
1180 587 1357 628 tempore
1397 578 1466 615 sed
1505 577 1582 614 hoc

249 649 541 700 ἀναπολόγητον.
595 648 679 696 Ego
700 660 791 684 vero
812 653 943 683 austro
964 644 1104 693 gratias
1125 643 1240 681 miras
1262 642 1328 692 qui
1350 655 1413 680 me
1433 655 1456 679 a
1475 648 1583 679 tanta

248 713 409 751 infamia
428 711 617 750 averterit.

203 780 231 817 6
306 778 557 817 Reversionis
589 779 659 816 has
690 776 887 827 speciosas
917 788 1053 814 causas
1083 775 1205 812 babes
1238 773 1356 811 iustas
1388 772 1471 810 illas
1503 771 1584 821 qui·
1606 789 1645 811 ιο

249 845 342 882 dem
377 851 414 881 et
450 856 635 892 magnas5
674 843 744 880 sed
780 843 887 879 nulla
922 840 1058 878 iustior
1094 852 1213 888 quam
1249 838 1358 887 quod
1397 845 1438 874 tu
1477 836 1583 875 idem

248 909 332 947 aliis
364 908 509 954 litteris,
537 907 738 954 ‘Provide‚
762 907 793 945 si
821 906 884 945 cui
914 906 1010 956 quid
1033 905 1211 951 debetur,
1235 911 1277 941 ut
1304 903 1352 940 sit
1381 904 1488 940 unde
1517 915 1585 951 par

249 975 331 1024 pari
361 974 654 1023 respondeatur.
726 972 895 1010 Mirifica
925 971 1031 1010 enim
1069 969 1303 1022 δυσχρηστία
1336 976 1394 1005 est
1428 974 1586 1017 propter

250 1047 400 1077 metum
422 1040 644 1077 armorum.’
703 1039 751 1075 In
778 1039 877 1075 freto
899 1036 1031 1075 medio
1063 1038 1165 1074 hanc
1199 1034 1406 1084 epistulam
1434 1032 1520 1081 legi,
1543 1038 1585 1069 ut

251 1105 347 1154 quid
375 1117 532 1154 possem
561 1103 766 1154 providere
787 1103 826 1140 in
856 1110 1029 1141 mentem
1054 1101 1150 1139 mihi
1177 1113 1257 1138 non
1279 1097 1427 1137 veniret
1449 1096 1522 1134 nisi
1544 1104 1585 1134 ut
1609 1113 1644 1143 15

251 1183 435 1220 praesens
458 1183 520 1207 me
541 1168 624 1218 ipse
645 1169 911 1207 defenderem.
973 1168 1051 1205 Sed
1074 1167 1171 1204 haec
1193 1167 1409 1210 hactenu33
1438 1161 1586 1211 reliqua

253 1248 396 1273 coram.

212 1307 234 1345 7
308 1299 459 1337 Antoni
487 1299 660 1338 edictum
690 1298 764 1348 legi
791 1312 813 1336 a
839 1300 961 1336 Bruto
991 1306 1028 1336 et
1061 1299 1201 1336 horum
1233 1305 1369 1336 contra
1399 1297 1586 1348 scriptum

254 1367 475 1414 praeclare3
513 1366 583 1403 sed
613 1364 708 1414 quid
744 1364 815 1401 ista
849 1363 978 1401 edicta
1008 1365 1162 1401 valeant
1196 1371 1263 1401 aut
1298 1377 1378 1413 quo
1410 1369 1588 1413 spectent

253 1431 370 1479 plane
391 1443 471 1467 non
492 1429 619 1468 video.
681 1430 767 1467 Nec
788 1442 860 1478 ego
887 1442 1004 1475 nunc,
1028 1436 1070 1466 ut
1100 1431 1244 1466 Brutus
1267 1429 1463 1475 censebat,
1488 1428 1588 1466 istuc
1610 1438 1649 1461 20

253 1495 304 1532 ad
336 1508 416 1532 rem
449 1494 649 1544 publicam
689 1495 973 1543 capessendam
1014 1494 1140 1532 venio.
1213 1495 1322 1544 Quid
1362 1494 1466 1532 enim
1507 1491 1589 1530 fieri

255 1562 414 1610 potest?
471 1562 578 1598 Num
610 1559 696 1610 quis
729 1559 863 1598 Pisoni
893 1567 950 1597 est
981 1561 1202 1598 adsensus?
1237 1574 1331 1598 num
1362 1559 1475 1598 rediit
1505 1558 1588 1609 ipse

256 1625 473 1676 postridie?
529 1627 607 1664 Sed
653 1627 791 1664 abesse
830 1627 932 1664 hanc
979 1634 1148 1665 aetatem
1194 1628 1310 1676 longe
1349 1639 1371 1664 a
1410 1627 1589 1676 sepulcro

257 1699 401 1740 negant
431 1698 620 1740 oportere.

215 1759 239 1796 8
313 1758 390 1795 Sed
411 1757 577 1795 obsecro
599 1764 650 1804 te,
672 1757 768 1807 quid
797 1766 855 1797 est
877 1760 986 1809 quod
1007 1759 1139 1798 audivi
1167 1760 1217 1797 de
1239 1760 1391 1797 Bruto?
1449 1757 1588 1796 Piliam
1611 1768 1650 1800 25

257 1823 495 1872 πειράζεσθαι
513 1825 725 1872 παραλύσει
746 1832 783 1862 te
806 1825 1004 1875 scripsisse
1025 1825 1166 1863 aiebat.
1225 1825 1354 1863 Valde
1379 1837 1465 1862 Sum
1487 1837 1591 1862 com-

259 1895 399 1925 motus
447 1887 531 1925 Etsi
546 1887 651 1926 idem
667 1896 704 1926 te
720 1889 888 1928 scribere
903 1903 1057 1940 sperare
1073 1889 1222 1928 melius.
1272 1890 1332 1927 Ita
1345 1890 1461 1939 plane
1474 1888 1590 1926 velim

258 1960 296 1991 et
316 1954 352 1990 ei
368 1952 475 1990 dicas
503 1953 712 2002 plurimam
736 1957 900 1993 salutem
923 1962 960 1994 et
982 1954 1236 1993 suavissimae
1250 1954 1415 1992 Atticae.
1477 1955 1592 1991 Haec

258 2017 393 2067 scripsi
407 2017 593 2068 navigans
611 2032 701 2057 cum
709 2026 832 2070 prope
845 2020 1132 2069 Pompeianum
1147 2020 1375 2058 accederem
1390 2031 1485 2056 xl111
1502 2020 1589 2056 Kal.

303 2133 322 2152 2
347 2123 592 2163 intellegebant
625 2123 794 2155 Turnebus
885 2125 1071 2155 relictionis
1088 2123 1292 2154 Beroaldus:
1317 2123 1498 2161 relegionis
1520 2121 1590 2152 M¹:

264 2167 458 2197 reiectionis
478 2167 553 2198 Vict.
690 2178 710 2206 3
735 2168 871 2208 flentes]
901 2173 1021 2199 euntes
1047 2179 1110 2199 tac.
1137 2167 1213 2197 Vict.
1351 2177 1390 2196 10
1421 2166 1593 2206 speciosas

260 2210 319 2241 del.
343 2209 495 2241 Ernesti:
522 2211 721 2250 praecipuas
746 2211 922 2242 Lehmann
1059 2221 1096 2249 15
1122 2216 1157 2241 ut
1183 2209 1314 2241 ZORP
1332 2220 1360 2240 v.
1376 2221 1398 2240 c.
1419 2220 1426 2240 :
1450 2210 1539 2248 quod
1557 2208 1597 2238 M

264 2255 302 2283 16
319 2255 504 2284 defendere
515 2255 636 2284 vellem
652 2255 743 2293 (cum
756 2257 863 2294 quodl
882 2254 969 2285 Reid
1078 2255 1117 2284 18
1141 2265 1159 2285 a
1172 2254 1276 2284 Bruto
1288 2253 1395 2294 vulg:
1417 2253 1458 2283 ab
1470 2258 1544 2283 utro
1557 2251 1598 2282 M

257 2301 331 2338 post
348 2297 454 2328 Bruto
472 2297 665 2327 addendmn
684 2298 811 2328 videtur
825 2304 858 2329 et
875 2299 994 2330 Cassio
1015 2299 1154 2328 missum
1172 2297 1223 2328 vel
1233 2297 1338 2327 simile
1354 2296 1436 2336 quid
1552 2297 1594 2326 28

262 2347 295 2415 {t
313 2341 486 2415 eilfflaiter:
514 2346 547 2372 et
565 2340 627 2372 M:
653 2342 682 2372 ei
706 2340 894 2382 lVesenbm'g
985 2352 1027 2381 29
1052 2352 1158 2381 prope
1176 2339 1314 2371 ,Mic'llerz
1338 2351 1404 2372 om.
1423 2339 1508 2371 codd.
1527 2351 1534 2371 ε
1559 2340 1593 2369 in

291 2395 365 2415 orm
392 2396 431 2415 us
