1742 2651
135 137 203 174 IX.
224 147 253 172 x
611 139 666 175 M.
698 139 866 176 TVLLI
898 138 1203 178 CICERONIS

189 258 213 284 2
287 249 436 285 Amens
470 248 564 285 mihi
598 248 715 287 fuisse
745 248 880 288 videor
914 263 937 287 a
967 249 1159 300 principio
1192 258 1230 288 et
1265 263 1328 289 me
1362 264 1440 288 una
1469 252 1566 289 haec

230 326 289 351 res
311 320 465 363 torquet
486 315 593 363 quod
616 328 695 351 non
717 314 902 352 omnibus
923 314 962 352 in
983 315 1098 353 rebus
1126 315 1323 353 labentem
1351 316 1410 353 vel
1435 315 1564 365 potius

229 386 407 416 ruentem
429 378 664 428 Pompeium
686 387 887 429 tamquam
910 394 1010 418 unus
1031 380 1283 430 manipularis
1300 387 1456 418 secutus
1477 380 1560 418 sim.

228 443 322 481 Vidi
343 443 545 482 hominem
567 456 663 482 XIIII
685 445 739 482 Is.
762 445 873 482 Febr.
896 447 1056 495 plenum
1088 444 1318 483 formidinis.
1379 446 1453 483 Illo
1477 444 1563 494 ipso

227 508 291 546 die
319 509 422 547 sensi
449 509 545 559 quid
572 517 712 558 ageret.
773 510 1002 559 Numquam
1034 510 1129 548 mihi
1156 517 1294 560 postea
1319 509 1465 560 placuit
1489 523 1562 547 nec
1582 523 1598 553 5

227 587 416 623 umquam
449 574 556 612 aliud
588 573 628 611 in
659 573 736 612 alio
770 587 933 624 peccare
967 574 1126 613 destitit.
1186 574 1296 612 Nihil
1326 573 1481 612 interim
1510 575 1562 611 ad

227 651 289 676 me
310 638 491 686 scribere,
513 638 609 676 nihil
629 638 703 676 nisi
724 640 855 689 fugam
876 639 1055 690 cogitare.
1116 639 1225 689 Quid
1246 638 1428 689 quaeris?
1462 638 1561 676 sicut

227 707 264 741 ἐν
292 706 367 744 τοῖς
391 707 572 754 ἐρωτικοῖς
600 704 772 743 alienant
793 705 1032 751 immundae,
1057 704 1239 751 insulsae,
1262 704 1484 751 indecorae,
1505 703 1560 742 sic

226 782 288 807 me
309 769 410 807 illius
431 771 544 820 fugae
564 770 913 820 neglegentiaeque
939 770 1166 808 deformitas
1186 769 1323 807 avertit
1343 769 1393 807 ab
1413 782 1556 807 amore.

226 834 334 872 Nihil
356 835 460 873 enim
482 835 645 884 dignum
676 835 843 873 faciebat
870 848 948 884 qua
974 849 1013 873 re
1040 835 1123 873 eius
1149 836 1263 884 fugae
1287 833 1474 872 comitem
1496 847 1559 871 me
1580 846 1619 868 10

223 899 490 949 adiungerem.
549 902 667 938 Nunc
699 900 860 950 emergit
894 913 1017 947 amor,
1048 913 1154 938 nunc
1189 898 1427 938 desiderium
1461 899 1559 936 ferre

225 978 303 1001 non
326 978 497 1014 possum,
514 978 619 1002 nunc
636 964 729 1002 mihi
747 964 843 1002 nihil
860 964 961 1011 libri,
974 964 1069 1002 nihil
1092 964 1251 1010 litterae,
1267 963 1363 1001 nihil
1380 963 1560 1002 doctrina

222 1030 394 1078 prodest.
454 1031 514 1067 Ita
543 1029 626 1068 dies
658 1037 695 1068 et
727 1037 863 1068 noctes
894 1037 1094 1079 tamquam
1128 1029 1210 1067 avis
1241 1029 1306 1067 illa
1335 1043 1440 1067 mare
1474 1042 1559 1079 pro-

222 1102 357 1144 specto
392 1097 545 1133 evolare
583 1095 709 1145 cupio.
772 1097 847 1142 Do,
889 1096 941 1133 do
980 1108 1127 1145 poenas
1167 1093 1393 1132 temeritatis
1433 1106 1557 1132 meae.

222 1159 306 1197 Etsi
340 1173 440 1209 quae
472 1159 542 1197 fuit
574 1159 638 1197 illa
670 1160 898 1198 temeritas?
940 1159 1035 1209 quid
1065 1159 1138 1198 feci
1173 1173 1254 1197 non
1288 1157 1557 1197 consideratis·
1580 1170 1616 1200 15

221 1224 347 1263 sime?
403 1225 443 1263 Si
473 1225 577 1263 enim
608 1224 704 1262 nihil
733 1232 885 1275 praeter
913 1225 1045 1274 fugam
1077 1231 1336 1274 quaereretur,
1370 1223 1554 1274 fugissem

220 1289 488 1336 libentissime,
525 1291 594 1328 sed
623 1303 746 1339 genus
776 1289 868 1327 belli
902 1288 1161 1328 crudelissimi
1191 1297 1229 1327 et
1261 1288 1419 1326 maximi
1446 1289 1555 1338 quod

220 1357 398 1393 nondum
421 1355 555 1393 vident
576 1354 756 1393 homines
778 1356 893 1404 quale
914 1355 1086 1392 futurum
1117 1354 1165 1392 sit
1186 1353 1400 1404 perhorrui.
1441 1355 1554 1403 Quae

221 1420 349 1459 minae
371 1419 603 1470 municipiis,
626 1433 727 1470 quae
748 1419 980 1458 nominatim
1002 1419 1090 1457 viris
1112 1419 1236 1466 bonis,
1260 1432 1361 1469 quae
1381 1418 1554 1468 denique

220 1485 404 1524 omnibus
425 1485 491 1535 qui
513 1485 813 1524 remansissent!
844 1499 962 1535 quam
983 1486 1120 1524 crebro
1141 1485 1238 1523 illud
1261 1488 1268 1504 ‘
1286 1485 1392 1523 Sulla
1411 1483 1549 1534 potuit,
1572 1500 1612 1521 20

177 1564 200 1601 3
220 1564 292 1600 ego
332 1564 411 1588 non
451 1552 642 1600 potero?'
714 1549 816 1588 Mihi
862 1557 994 1589 autern
1042 1551 1252 1588 haeserunt
1299 1549 1373 1586 illa.
1446 1549 1552 1586 Male

218 1615 456 1665 Tarquinius
486 1615 551 1665 qui
581 1618 807 1663 Porsenam,
828 1615 894 1665 qui
925 1615 1134 1654 Octavium
1164 1614 1386 1652 Mamilium
1416 1621 1552 1652 contra

216 1681 395 1731 patriam,
433 1680 553 1731 impie
592 1680 825 1720 Coriolanus
854 1681 926 1730 qui
954 1680 1140 1718 auxilium
1173 1679 1283 1729 petiit
1322 1693 1344 1717 a
1382 1678 1547 1726 Volscis,

214 1754 318 1784 recte
345 1745 634 1784 Themistocles
665 1745 731 1795 qui
763 1744 862 1784 mori
898 1744 1043 1790 maluit,
1068 1744 1237 1783 nefarius
1266 1742 1435 1794 Hippias
1458 1742 1550 1780 Pisi-

213 1811 320 1849 strati
351 1811 451 1849 filius
481 1810 547 1861 qui
579 1810 619 1848 in
656 1810 906 1848 Marathonia
935 1823 1066 1860 pugna
1099 1809 1242 1848 cecidit
1275 1822 1382 1847 arma
1413 1816 1549 1846 contra
1571 1823 1607 1854 25

213 1876 377 1926 patriam
398 1878 534 1914 ferens.
594 1878 645 1913 At
671 1877 788 1922 Sulla,
810 1883 849 1913 at
879 1874 1038 1922 Marius,
1061 1882 1099 1912 at
1130 1874 1259 1914 Cinna
1288 1881 1402 1920 recte,
1425 1872 1547 1912 immo

211 1941 293 1980 iure
332 1943 520 1985 fortasse;
568 1942 639 1980 sed
683 1941 779 1991 quid
822 1954 958 1979 eorum
996 1939 1158 1978 victoria
1202 1938 1409 1985 crudelius,
1451 1938 1547 1988 quid

211 2007 431 2045 funestius?
489 2006 619 2044 Huius
651 2005 744 2044 belli
772 2019 895 2056 genus
926 2004 1004 2055 fugi
1034 2013 1072 2043 et
1101 2019 1148 2043 eo
1179 2004 1300 2054 magis
1327 2004 1435 2054 quod
1465 2017 1546 2041 cru-

254 2113 275 2141 6
292 2111 342 2151 in]
362 2120 403 2141 ex
422 2110 554 2140 Ernesti
648 2110 667 2139 8
685 2109 854 2140 alienant.
867 2133 873 2140 .
890 2133 895 2138 .
914 2108 979 2148 sic]
1001 2108 1087 2147 ls'ict„
1114 2108 1265 2148 idemque
1280 2107 1432 2138 Schmidt
1447 2107 1505 2138 sed
1517 2108 1545 2138 is

212 2155 403 2186 alienantur
421 2155 475 2192 (sc.
496 2154 535 2183 ab
553 2153 772 2183 anzatom‘bus¹÷
790 2164 797 2182 t
831 2153 1021 2183 alienantur
1045 2153 1216 2182 immunde
1240 2151 1359 2182 insulis
1379 2152 1468 2181 unde
1486 2152 1543 2181 de·

213 2209 290 2228 core
308 2198 345 2228 fit
366 2198 413 2228 sic
432 2197 492 2228 M:
529 2197 714 2227 alienamur
738 2197 765 2226 si
790 2197 870 2235 quid
896 2196 1066 2226 immunde
1090 2196 1217 2226 insulse
1241 2195 1401 2225 indecore
1428 2195 1477 2233 fit,
1494 2195 1542 2224 sic

214 2241 371 2281 Aladmg:
406 2241 555 2272 alienant
572 2241 662 2270 viros
688 2240 881 2270 immundae
905 2239 1052 2270 insulsae
1073 2240 1254 2270 indecorae
1277 2239 1335 2277 sic,
1355 2238 1403 2268 sic
1425 2238 1546 2277 Tyrrell

215 2297 255 2315 22
282 2286 466 2315 Porsenam
484 2285 594 2324 vulg:
623 2284 797 2313 Porsinam
816 2282 862 2313 M.
923 2283 1013 2312 Ante
1030 2287 1146 2313 contra
1168 2281 1245 2313 add.
1264 2281 1442 2312 concitavit
1459 2280 1540 2310 Leh-

215 2340 331 2367 mann,
352 2328 407 2358 sed
428 2329 464 2367 cf.
486 2339 515 2359 v.
537 2338 585 2367 17.
604 2338 622 2365 3
640 2332 668 2358 ct
683 2326 896 2357 Heidemcmn
922 2329 929 2342 ‘
944 2326 994 2356 De
1013 2326 1184 2357 verborum
1206 2325 1323 2365 ellipsss
1345 2324 1426 2355 usu’
1448 2330 1479 2365 p.
1498 2335 1541 2364 92

214 2383 255 2412 23
279 2373 333 2412 qui
351 2372 426 2403 add.
447 2372 532 2409 vulg.
