1742 2651
65 85 185 123 XIII,
208 86 251 121 vi
594 86 647 122 M.
681 86 848 122 TVLLI
881 86 1186 124 CICERONIS

217 196 323 235 enim
358 210 513 235 mecum
550 196 689 247 egisti),
723 197 773 234 de
809 210 930 246 puero
966 197 1143 243 Lucullo,
1181 210 1299 246 quam
1339 195 1546 245 pecuniam

217 269 322 299 tutor
352 260 459 313 (nam
491 263 567 300 hoc
597 274 758 311 quoque
787 262 837 299 ad
869 274 949 299 rem
980 260 1164 311 pertinet)
1197 261 1235 298 in
1267 260 1418 299 Achaia
1447 274 1549 298 sum-

217 334 355 376 pserat.
415 327 493 365 Sed
527 326 603 376 agit
639 325 857 371 liberaliter,
890 325 1078 375 quoniam
1114 333 1228 375 negat
1260 339 1301 364 se
1335 325 1547 375 quicquam

216 392 409 429 facturum
449 399 585 429 contra
623 398 797 428 nostram
832 392 1087 428 voluntatem.
1162 392 1305 429 Coram
1346 389 1469 439 igitur,
1506 397 1548 428 ut

216 456 363 503 scribis,
400 455 686 494 constituemus
725 469 843 505 quem
882 456 934 493 ad
973 456 1136 493 modum
1175 469 1256 493 rem
1296 454 1545 505 explicemus.
1568 471 1585 502 5

218 523 339 570 Quod
361 521 530 570 reliquos
551 522 767 559 coheredes
788 520 1017 567 convenisti,
1042 522 1157 570 plane
1178 521 1289 558 bene.

173 598 197 634 3
274 588 396 635 Quod
417 586 625 636 epistulam
643 599 772 624 meam
793 586 844 623 ad
867 587 1033 623 Brutum
1054 585 1195 635 posci5‚
1214 599 1293 623 non
1315 584 1445 623 habeo
1465 584 1548 623 eius

216 654 465 702 exemplum;
506 653 575 690 sed
615 659 747 689 tamen
787 652 936 688 salvum
969 658 1027 688 est
1059 658 1096 688 et
1125 650 1178 688 ait
1209 650 1302 688 Tiro
1335 657 1372 688 te
1404 650 1549 688 habere

216 725 396 766 oportere
430 724 478 763 et,
511 724 552 754 ut
586 717 780 761 recordor,
812 729 891 753 una
929 729 1019 753 cum
1051 714 1152 752 illius
1186 714 1449 765 obiurgatoria
1477 714 1548 752 tibi

170 793 195 830 4
216 796 343 820 meam
375 795 534 831 quoque
564 795 683 831 quam
710 782 760 819 ad
788 794 878 818 eum
906 780 1177 830 rescripseram
1208 779 1305 818 misi.
1367 779 1547 818 Iudiciali
1570 794 1609 816 10

216 846 395 885 molestia
416 854 457 884 ut
479 860 632 884 caream
654 845 816 884 videbis.

257 946 324 981 VI
337 959 360 981 a
481 950 550 981 Scr.
572 951 604 979 1'11
628 949 813 979 Tusculano
826 949 911 990 prid.
928 949 1015 979 Non.
1035 948 1109 979 Imt.
1133 958 1192 988 709
1211 948 1291 988 (45).

623 1026 795 1057 CICERO
826 1026 1004 1057 ATTICO
1033 1025 1139 1057 SAL.

92 1113 194 1151 (νη)
269 1105 515 1145 Tuditanum
546 1105 663 1143 istum
699 1118 888 1154 proavum
921 1103 1110 1142 Hortensi
1141 1105 1256 1154 plane
1296 1117 1375 1142 non
1411 1117 1546 1142 noram

215 1179 253 1210 et
274 1171 396 1209 filium
422 1170 488 1221 qui
517 1178 599 1208 tum
630 1183 710 1208 non
732 1176 912 1219 potuerat
933 1183 1018 1207 esse
1039 1171 1187 1219 legatus
1218 1168 1335 1207 fuisse
1356 1176 1545 1219 putaram.
1570 1184 1606 1216 15

216 1236 457 1274 Mummium
487 1235 604 1273 fuisse
635 1236 685 1273 ad
718 1235 955 1274 Corinthum
988 1249 1058 1285 pro
1088 1242 1194 1273 certo
1224 1235 1363 1272 habeo.
1423 1236 1548 1283 Saepe

215 1302 320 1340 enim
352 1301 414 1339 hic
443 1300 616 1351 Spurius,
643 1300 709 1350 qui
741 1314 864 1350 nuper
894 1304 1011 1346 †est†‚
1035 1300 1222 1350 epistulas
1254 1299 1350 1337 mihi
1380 1313 1549 1350 pronun-

216 1367 337 1405 tiabat
370 1366 569 1405 versiculis
608 1365 743 1404 facetis
781 1366 832 1403 ad
871 1365 1069 1403 familiaris
1110 1364 1246 1403 missas
1285 1378 1308 1402 a
1342 1364 1545 1403 Corintho.

216 1433 293 1470 Sed
334 1445 414 1470 non
446 1430 587 1469 dubito
617 1430 712 1480 quin
745 1430 849 1467 fratri
880 1430 993 1468 fuerit
1021 1432 1181 1479 legatus,
1211 1443 1290 1467 non
1323 1429 1362 1466 in
1394 1430 1544 1466 decem.

216 1499 347 1546 Atque
394 1497 469 1534 hoc
513 1495 631 1533 etiam
681 1494 827 1544 accepi,
870 1508 950 1532 non
996 1494 1131 1532 solitos
1179 1494 1345 1532 maiores
1394 1501 1547 1531 nostros
1570 1509 1608 1531 20

216 1575 283 1599 eos
314 1563 440 1611 legare
466 1560 505 1598 in
533 1561 672 1598 decem
701 1559 766 1609 qui
793 1568 922 1597 essent
953 1559 1233 1609 imperatorum
1264 1558 1482 1604 necessarii,
1506 1566 1548 1596 ut

217 1641 288 1664 nos
329 1626 449 1676 ignari
489 1624 840 1675 pulcherrimorum
884 1624 1151 1662 institutorum
1191 1631 1258 1662 aut
1297 1625 1548 1673 neglegentes

216 1691 346 1741 potius
388 1693 443 1728 M.
480 1691 689 1728 Lucullum
729 1697 767 1727 et
800 1691 842 1726 L.
880 1691 1089 1727 Murenam
1129 1697 1167 1727 et
1205 1696 1356 1727 ceteros
1387 1688 1548 1726 coniun-

215 1755 412 1793 ctissimos
441 1756 492 1793 ad
522 1756 566 1792 L.
590 1755 801 1792 Lucullum
826 1754 1014 1792 misimus.
1076 1755 1261 1804 Illudque
1283 1754 1545 1804 εὐλογώτατον,

216 1820 325 1858 illum
357 1820 460 1858 fratri
491 1819 530 1857 in
558 1818 692 1868 primis
718 1819 801 1857 eius
832 1820 966 1870 legatis
994 1819 1123 1858 fuisse.
1188 1820 1222 1858 Ο
1250 1832 1408 1868 operam
1440 1825 1547 1855 tuam
1571 1831 1607 1862 ²5

217 1886 380 1922 multam
411 1884 477 1934 qui
509 1891 547 1922 et
577 1885 675 1921 haec
706 1898 817 1922 cures
850 1892 888 1923 et
919 1898 1006 1922 mea
1036 1883 1221 1934 expedias
1254 1891 1291 1921 et
1319 1882 1369 1920 sis
1400 1882 1439 1920 in
1472 1881 1547 1920 tuis

216 1963 296 1987 non
318 1951 443 1987 multo
465 1949 594 1987 minus
617 1949 783 1999 diligens
805 1963 924 1999 quam
946 1949 984 1987 in
1007 1949 1103 1987 meis
1122 1952 1128 1987 1

264 2066 276 2085 r
304 2054 362 2095 de]
392 2055 493 2085 debet
522 2054 624 2086 Boot:
663 2055 720 2086 del.
748 2054 851 2085 Orelli
988 2057 1009 2085 6
1035 2055 1143 2086 fecisti
1161 2059 1236 2096 post
1257 2053 1444 2085 convenisti
1469 2053 1543 2084 add.

215 2102 284 2129 vett.
424 2109 460 2137 17
487 2099 556 2139 est]
588 2103 640 2129 est
668 2104 818 2129 mortuus
845 2098 938 2128 Mau.
968 2099 1020 2135 (ex
1045 2099 1201 2138 ‘antiquo
1223 2098 1303 2128 libro
1314 2098 1361 2135 '):
1400 2098 1547 2128 decessit

218 2141 355 2171 Msiller:
383 2143 483 2180 periit
500 2143 581 2173 coni.
600 2143 684 2172 Boot
834 2144 871 2172 18
895 2142 1013 2172 facetis
1030 2146 1099 2173 vett.
1119 2154 1125 2172 :
1152 2142 1252 2173 facies
1270 2141 1319 2171 vel
1332 2141 1436 2171 factas
1453 2140 1542 2171 codd.

218 2196 255 2216 21
279 2195 337 2215 eos
354 2185 469 2216 ΣΑηί.
486 2186 636 2216 FCrat.:
660 2196 726 2217 om.
743 2190 770 2216 Δ
861 2195 902 2224 23
924 2186 1215 2216 coniunctissimos
1227 2188 1303 2225 post
1319 2189 1452 2214 ceteros
1468 2184 1543 2214 add.

219 2229 305 2260 Crat.
322 2239 351 2259 v.
371 2241 395 2260 c.
414 2230 530 2260 codices
546 2230 650 2259 Bosr':
676 2240 740 2259 om.
763 2232 817 2259 ΣΔ
906 2238 946 2267 25
973 2229 1003 2259 O
1020 2228 1096 2260 add.
1115 2228 1292 2258 Lehmann
1390 2230 1433 2257 26
1455 2228 1544 2263 mea]

219 2283 292 2303 mea
308 2273 420 2303 omnia
437 2272 524 2303 Reid
630 2283 669 2311 27
695 2283 762 2302 non
782 2272 885 2302 multo
903 2276 927 2303 Σ
946 2272 1031 2303 Crat.
1048 2285 1055 2303 τ
1080 2273 1184 2303 multo
1200 2277 1237 2302 Δ.
1286 2270 1370 2301 Edd.
1386 2282 1450 2301 non
1465 2271 1551 2300 nulli

217 2321 262 2346 tta
287 2317 400 2357 legunt
426 2316 575 2355 Operam
601 2321 691 2346 tuam
719 2316 857 2346 multum
885 2326 970 2353 amo,
996 2316 1079 2355 qui:
1112 2315 1149 2347 de
1174 2315 1238 2346 loco
1255 2315 1372 2354 fusius
1402 2313 1548 2354 disputat

218 2359 395 2390 Lehmann
416 2359 515 2389 ‘Altf
533 2366 587 2400 pp.
611 2369 761 2398 203-205
