1742 2651
602 153 714 190 EPP.
748 154 826 190 AD
857 154 1117 192 ATTICVM
1501 158 1572 194 XI.
1596 156 1626 194 ii

257 378 305 413 ῙῙ
352 381 420 413 Ser.
438 382 470 413 ιἰι
488 382 589 424 Epiro
605 384 773 424 aliquanto
784 388 861 424 post
876 383 961 415 Non.
975 384 1074 423 Faba,
1094 389 1128 415 nt
1145 385 1278 418 videtur.
1293 397 1322 416 α.
1340 388 1398 425 706
1417 387 1504 426 (48).

634 488 809 519 CICERO
834 488 1005 519 ATTICO
1032 489 1132 520 SAL.

266 577 430 616 Litteras
464 586 549 616 tuas
579 579 714 628 accepi
749 592 802 628 pr.
839 580 942 616 Non.
982 579 1094 617 Febr.
1129 592 1257 628 eoque
1287 579 1372 630 ipso
1404 580 1466 618 die
1499 595 1543 619 ex
1568 591 1582 617 1

210 649 446 681 testamento
476 642 577 680 crevi
608 643 876 681 hereditatem.
938 645 997 681 Ex
1028 644 1160 682 multis
1190 644 1286 682 meis
1319 645 1542 684 miserrimis

171 725 187 754 5
209 707 310 745 curis
342 715 400 745 est
427 721 505 745 una
537 709 661 746 levata
691 708 732 754 si,
771 717 811 746 ut
844 708 991 755 scribis,
1024 709 1097 747 ista
1129 709 1325 748 hereditas
1353 712 1472 749 fidem
1505 719 1542 749 et

208 774 353 810 famam
376 786 504 811 meam
526 773 623 812 tueri
649 782 777 823 potest
794 789 802 820 3
832 787 951 823 quam
974 774 1136 824 quidem
1158 774 1343 825 intellego
1365 783 1402 814 te
1423 777 1541 815 etiam

208 836 291 874 sine
324 837 540 875 hereditate
575 837 650 875 tuis
690 838 832 887 opibus
868 840 1122 876 defensurum
1162 839 1292 878 fuisse.
1355 843 1416 879 De
1448 843 1541 880 dote
1562 851 1586 878 2

207 902 315 950 quod
351 901 497 947 scribis,
536 915 603 951 per
637 902 765 941 omnis
800 904 897 941 deos
937 911 974 941 te
1014 904 1190 942 obtestor
1222 912 1263 942 ut
1296 913 1418 943 totam
1458 921 1537 945 rem

207 966 396 1016 suscipias
427 974 464 1004 et
485 966 590 1004 illam
616 967 796 1005 miseram
827 981 915 1006 mea
942 970 1057 1017 culpa
1085 976 1122 1006 et
1143 970 1389 1019 neglegentia
1411 978 1542 1009 tueare

150 1051 186 1071 10
208 1030 304 1068 meis
325 1031 467 1080 opibus
488 1031 519 1069 si
541 1045 642 1081 quae
663 1041 762 1077 sunt,
787 1033 863 1070 tuis
879 1033 1023 1082 quibus
1045 1033 1115 1071 tibi
1138 1036 1348 1072 molestum
1371 1049 1450 1073 non
1471 1036 1542 1074 erit

207 1096 468 1134 facultatibus.
540 1097 646 1144 Quoi
686 1097 847 1147 quidem
887 1099 1025 1136 deesse
1065 1099 1213 1146 omnia,
1244 1102 1352 1149 quod
1392 1101 1538 1147 scribis,

206 1161 371 1199 obsecro
388 1169 435 1207 te,
453 1161 534 1200 noli
555 1162 645 1211 pati.
707 1164 754 1200 In
776 1176 876 1212 quos
897 1163 1003 1201 enim
1025 1172 1204 1214 sumptus
1225 1165 1371 1203 abeunt
1394 1168 1540 1205 fructus

205 1227 485 1276 praediorum?
556 1228 641 1265 Iam
681 1227 745 1265 illa
786 1230 856 1265 HS
898 1232 950 1266 ΙΤΧ
984 1242 1084 1277 quae
1117 1229 1252 1267 scribis
1292 1244 1410 1269 nemo
1443 1231 1538 1269 mihi

205 1307 394 1342 umquam
441 1293 536 1331 dixit
580 1307 625 1331 ex
669 1295 762 1331 dote
807 1307 892 1332 esse
935 1296 1133 1336 detractem
1175 1308 1393 1344 numquam
1433 1297 1537 1334 enim

144 1374 181 1406 15
204 1372 331 1397 essem
364 1372 512 1409 passus
573 1359 651 1396 Sed
685 1360 781 1396 haec
814 1359 977 1396 minima
1012 1368 1069 1397 est
1104 1373 1150 1397 ex
1182 1359 1226 1397 iis
1259 1359 1406 1398 iniuriis
1441 1375 1538 1411 quas

202 1424 336 1473 accepi
355 1439 364 1471 ;
388 1426 438 1462 de
453 1424 597 1474 quibus
610 1425 660 1462 ad
679 1431 716 1462 te
730 1425 866 1462 dolore
883 1432 921 1462 et
937 1424 1106 1462 lacrimis
1127 1424 1295 1463 scribere
1311 1426 1533 1475 prohibeor.

203 1492 261 1528 Ex
296 1504 342 1528 ea
373 1490 540 1540 pecunia
580 1503 680 1539 quae
715 1489 786 1526 fuit
826 1489 865 1526 in
906 1489 999 1527 Asia
1033 1497 1183 1539 partem
1216 1490 1422 1529 dimidiam
1457 1493 1579 1536 fere3

201 1559 320 1607 exegi.
398 1556 540 1594 Tutius
580 1554 785 1592 videbatur
825 1556 906 1593 fore
956 1554 1009 1592 ibi
1060 1554 1127 1592 ubi
1173 1562 1231 1592 est
1270 1569 1388 1605 quam
1428 1558 1534 1607 apud

200 1624 444 1675 publicanos.

141 1699 181 1720 20
256 1691 378 1739 Quod
413 1704 476 1728 me
510 1690 674 1728 hortaris
707 1697 748 1727 ut
784 1689 896 1726 firmo
932 1687 1004 1725 sim
1036 1686 1180 1733 animo,
1217 1688 1356 1725 vellem
1397 1701 1533 1737 posses

198 1756 348 1806 aliquid
369 1758 520 1794 adferre
541 1770 659 1806 quam
681 1756 733 1794 ob
759 1768 839 1793 rem
868 1754 908 1792 id
933 1754 1059 1790 facere
1085 1766 1252 1801 possem.
1314 1754 1391 1791 Sed
1422 1754 1452 1792 si
1481 1756 1533 1793 ad

198 1829 346 1859 ceteras
381 1822 555 1860 miserias
586 1821 750 1859 accessit
782 1820 899 1858 etiam
935 1818 974 1856 id
1014 1819 1122 1867 quod
1158 1818 1253 1855 mihi
1288 1819 1531 1869 Chrysippus

198 1886 294 1924 dixit
318 1888 441 1936 parari
465 1887 523 1937 (tu
545 1887 641 1924 nihil
667 1886 909 1936 significasti)
932 1886 981 1922 de
1007 1885 1139 1929 domo,
1163 1883 1250 1932 quis
1272 1897 1334 1921 me
1356 1883 1531 1923 miserior

196 1964 277 1990 uno
301 1951 377 1990 iam
408 1952 508 1990 fuit?
566 1953 658 1997 Oro,
681 1952 858 1997 obsecro,
882 1951 1051 2000 ignosce.
1113 1950 1205 1986 Non
1230 1961 1391 1997 possum
1419 1951 1530 1999 plura

139 2027 175 2058 25
197 2017 375 2055 scribere.
436 2019 598 2066 Quanto
619 2030 793 2055 maerore
815 2029 950 2066 urgear
971 2016 1147 2064 profecto
1167 2013 1287 2052 videS.
1348 2016 1469 2063 Quod
1497 2014 1528 2053 si

197 2081 293 2119 mihi
328 2096 540 2120 commune
572 2095 663 2120 cum
696 2082 833 2120 ceteris
866 2089 967 2120 esset
1001 2080 1068 2130 qui
1100 2079 1281 2118 videntur
1312 2078 1351 2116 in
1387 2081 1527 2118 eadem

195 2160 314 2185 causa
333 2161 429 2193 esse,
446 2147 573 2185 minor
594 2161 681 2185 mea
697 2149 812 2197 culpa
829 2147 1024 2185 videretur
1037 2154 1074 2184 et
1097 2160 1143 2184 eo
1159 2145 1396 2184 tolerabilior
1412 2154 1524 2184 esset.

196 2213 314 2250 Nunc
335 2213 431 2250 nihil
453 2220 510 2251 est
531 2213 639 2262 quod
666 2214 900 2258 consoletur,
925 2211 998 2249 nisi
1019 2211 1115 2260 quid
1136 2219 1177 2249 tu
1199 2211 1329 2257 efficis,
1353 2211 1383 2248 si
1406 2212 1526 2249 modo

239 2328 257 2355 4
283 2316 395 2347 multis
414 2317 497 2346 meis
516 2315 584 2346 (0¹
603 2327 608 2345 1
636 2315 842 2346 multissimis
868 2316 956 2344 celem·
971 2315 1058 2346 codd.
1075 2327 1081 2345 :
1108 2315 1220 2346 multis
1240 2316 1324 2346 meis
1342 2320 1374 2345 et
1402 2315 1525 2346 Wesen-

194 2359 270 2400 betjg
413 2370 450 2391 10
474 2361 541 2390 tuis
557 2358 695 2399 quibus]
714 2361 858 2398 tuisque,
880 2359 907 2388 si
925 2358 1009 2388 Boot
1154 2370 1187 2389 11
1217 2359 1430 2390 facultatibus
1454 2360 1523 2391 secl.

193 2402 326 2434 Ernesti
336 2404 421 2434 Boot
554 2414 593 2442 24
620 2413 687 2433 uno
706 2402 786 2444 iarn]
806 2413 952 2441 unquam
969 2401 1124 2433 Schwarz

1375 2458 1435 2489 2²4*
