1742 2651
611 160 722 196 EPP.
754 160 831 196 Al.)
862 160 1121 198 ATTICVM
1452 165 1520 201 IX.
1539 175 1569 200 x

192 271 341 310 deliora
369 270 485 309 etiam
516 270 674 320 cogitari
705 278 743 309 et
772 270 895 320 parari
926 270 1122 309 videbam.
1195 274 1263 311 Mc
1293 288 1410 323 quem
1448 290 1527 314 non

192 336 288 374 nulli
322 344 636 375 conservatorem
672 335 782 373 istius
814 335 933 383 urbis,
963 350 1081 385 quem
1117 346 1318 387 parentem
1353 354 1438 378 esse
1472 341 1527 379 di-

192 409 330 439 xerunt
365 403 553 439 Getarum
584 409 622 439 et
651 400 929 439 Armeniorum
962 408 1000 439 et
1033 403 1274 440 Colchorum
1310 405 1443 454 copias
1476 408 1527 444 ad

192 480 279 504 earn
308 467 538 505 adducere?
572 480 635 504 me
665 466 761 504 meis
791 466 942 504 civibus
968 467 1122 513 famem,
1147 469 1367 508 vastitatem
1389 471 1529 510 inferre

155 548 172 579 5
194 531 359 569 Italiae?
417 534 539 570 Hunc
566 531 735 581 primum
766 533 971 569 mortalem
1002 545 1097 578 esse,
1122 533 1267 572 deinde
1288 535 1406 574 etiam
1434 539 1529 574 mul-

192 597 239 634 tis
261 597 389 635 modis
410 610 526 646 posse
553 595 746 646 exstingui
774 596 1007 646 cogitabam,
1031 598 1169 636 urbem
1196 608 1328 638 autem
1350 609 1387 639 et
1408 615 1529 651 popu·

192 663 273 699 lum
312 669 488 699 nostrum
528 663 763 700 servandum
801 663 852 700 ad
884 663 1228 711 immortalitatem,
1263 674 1454 715 quantum
1489 666 1529 704 in

191 726 307 764 nobis
340 734 452 773 esset,
485 727 683 776 putabam,
711 735 749 765 et
778 735 911 766 tamen
941 743 1029 778 spes
1060 731 1255 779 quaedam
1285 745 1349 769 me
1383 740 1531 770 susten-

192 792 299 830 tabat
320 793 400 830 fore
422 799 463 829 ut
483 791 632 842 aliquid
652 793 878 832 conveniret
909 794 1038 845 potius
1066 809 1185 844 quam
1205 804 1272 833 aut
1293 796 1356 834 hic
1377 804 1529 835 tantum

135 874 173 897 10
192 857 346 895 sceleris
379 864 446 895 aut
478 857 541 896 ille
579 865 731 896 tantum
766 859 885 909 flagiti
916 860 1149 898 admitteret.
1209 860 1298 898 Alia
1332 875 1390 899 res
1425 876 1530 899 nunc

192 930 273 960 tota
294 930 361 969 est,
384 922 459 960 alia
481 936 591 961 mens
612 938 709 962 mea.
770 926 846 970 Sol,
871 933 913 962 ut
934 932 991 963 est
1012 925 1051 962 in
1073 933 1138 963 tua
1159 927 1329 975 quadam
1351 926 1528 976 epistula,

191 987 381 1026 excidisse
412 987 506 1026 mihi
536 1003 557 1027 e
588 991 738 1028 mundo
768 990 934 1029 videtur.
991 992 1044 1028 Vt
1073 999 1243 1041 aegroto,
1272 992 1367 1029 dum
1399 992 1530 1029 anima

191 1061 259 1101 est,
283 1067 370 1103 spes
392 1068 477 1092 esse
498 1054 650 1101 dicitur,
673 1054 728 1093 sic
749 1069 832 1105 ego,
857 1056 989 1105 quoad
1012 1055 1223 1106 Pompeius
1245 1056 1283 1094 in
1312 1056 1425 1094 Italia
1445 1056 1527 1103 fuit,

190 1133 343 1169 sperare
365 1133 445 1157 non
467 1120 608 1158 destiti.
670 1122 795 1168 Haec,
819 1122 916 1159 haec
938 1134 1001 1159 me
1021 1122 1239 1159 fefellerunt
1260 1129 1309 1168 et,
1333 1130 1374 1160 ut
1395 1136 1529 1160 verum

134 1199 171 1230 15
191 1187 337 1235 loquar,
371 1194 478 1224 aetas
513 1185 589 1224 iarn
628 1200 651 1224 a
681 1186 875 1225 diuturnis
906 1186 1106 1225 laboribus
1138 1188 1287 1225 devexa
1319 1189 1369 1226 ad
1404 1187 1528 1225 otium

191 1251 495 1290 domesticarum
536 1265 599 1290 me
637 1265 766 1290 rerum
804 1251 1067 1290 delectatione
1106 1252 1283 1290 mollivit.
1340 1254 1458 1290 Nunc
1497 1252 1527 1289 si

190 1319 250 1356 vel
289 1317 507 1368 periculose
546 1317 832 1367 experiundum
871 1317 951 1363 erit,
989 1317 1162 1367 experiar
1206 1325 1310 1355 certe
1348 1324 1390 1355 ut
1436 1317 1528 1355 hinc

188 1386 355 1423 avolem.
414 1386 518 1422 Ante
545 1382 717 1432 oportuit
743 1383 932 1429 fortasse3
961 1383 1031 1420 sed
1057 1396 1101 1420 ea
1129 1396 1230 1432 quae
1257 1381 1441 1432 scripsisti
1464 1395 1526 1420 me

189 1452 390 1489 tardarunt
425 1457 462 1488 et
494 1448 704 1486 auctoritas
739 1447 907 1486 maxime
938 1455 1014 1485 tua.
1074 1449 1179 1485 Nam
1212 1461 1302 1485 cum
1337 1448 1388 1485 ad
1419 1448 1569 1493 hunc4

132 1528 173 1551 20
191 1519 323 1557 locum
352 1517 557 1563 venissem,
581 1515 707 1554 evolvi
736 1516 922 1553 volumen
952 1514 1206 1564 epistularum
1233 1521 1386 1551 tuarum
1417 1513 1526 1563 quod

190 1598 263 1634 ego
292 1585 360 1623 sub
388 1583 500 1634 signo
534 1582 663 1620 habeo
693 1594 884 1630 servoque
918 1579 1228 1630 diligentissime.
1288 1581 1381 1617 Erat
1414 1578 1529 1628 igitur

190 1649 229 1687 in
260 1664 306 1689 ea
334 1663 453 1700 quam
480 1661 508 1686 X
537 1650 586 1686 K.
611 1648 724 1686 Febr.
745 1647 922 1692 dederas,
944 1646 1021 1683 hoc
1042 1645 1174 1691 modo,
1201 1645 1303 1682 ‘Sed
1323 1643 1527 1682 videamus

189 1723 228 1754 et
249 1717 408 1754 Gnaeus
425 1714 521 1764 quid
541 1722 628 1764 agat
649 1720 687 1751 et
707 1712 808 1750 illius
829 1711 999 1749 rationes
1020 1723 1208 1760 quorsum
1230 1710 1364 1746 fluant.
1404 1708 1526 1757 Quod

189 1781 221 1819 si
259 1781 331 1819 iste
372 1780 525 1818 Italiam
564 1779 768 1829 relinquet,
804 1777 918 1816 faciet
956 1775 1121 1814 omnino
1156 1776 1256 1813 male
1290 1781 1340 1821 et,
1373 1780 1415 1811 ut
1453 1786 1526 1823 ego

133 1853 170 1884 25
189 1846 379 1892 existimo,
412 1846 631 1898 ἀλογίστως,
663 1845 732 1883 sed
766 1852 849 1882 tum
881 1844 1043 1882 demum
1075 1840 1237 1879 consilia
1266 1846 1398 1877 nostra
1423 1851 1528 1876 com-

190 1913 380 1950 mutanda
406 1912 543 1950 erunt.'
600 1912 693 1948 Hoc
724 1909 859 1948 scribis
887 1915 975 1958 post
1002 1906 1108 1945 diem
1134 1913 1315 1955 quartum
1337 1917 1455 1954 quarn
1475 1903 1526 1941 ab

189 1977 285 2015 urbe
314 1976 579 2015 discessimus.
637 1975 794 2013 Deinde
824 1986 897 2011 V111
929 1975 979 2010 K.
1014 1972 1139 2018 Febr„
1175 1972 1372 2008 ‘Tantum
1402 1970 1524 2007 modo

190 2043 350 2080 Gnaeus
380 2049 511 2079 noster
540 2055 601 2087 ne,
623 2048 666 2079 ut
695 2041 832 2078 urbem
862 2040 1070 2091 ἀλογίστως
1096 2036 1261 2086 reliquit,
1284 2035 1338 2073 sic
1368 2033 1522 2072 Italiam

189 2106 406 2156 relinquat.’
478 2107 632 2144 Eodem
671 2105 734 2143 die
773 2106 843 2143 das
881 2106 1020 2142 alteras
1058 2103 1203 2141 litteras
1241 2101 1384 2150 quibus
1428 2098 1523 2136 mihi

130 2179 172 2209 30
191 2171 412 2210 consulenti
433 2170 658 2222 planissime
679 2171 904 2220 respondes.
957 2172 1027 2207 Est
1058 2168 1162 2207 enim
1194 2167 1257 2213 sic,
1284 2170 1292 2186 ‘
1310 2167 1387 2204 Sed
1408 2165 1524 2203 venio

234 2276 254 2305 8
278 2287 330 2306 me
357 2275 569 2306 sustentabat
593 2274 621 2304 L
649 2275 791 2314 (weng.)
817 2273 923 2304 Boot:
959 2284 1012 2303 me
1038 2273 1235 2304 obtentabat
1261 2272 1348 2303 codd.
1374 2269 1525 2301 Schmidt

192 2319 309 2349 (simili
328 2330 425 2349 sensu
454 2329 491 2349 ac
511 2318 756 2350 sustentabat&
782 2318 825 2347 mi
849 2318 1042 2347 ostentabat
1066 2320 1155 2347 (cum
1182 2327 1262 2356 spes
1285 2327 1322 2346 se
1341 2314 1522 2355 quaedam)

189 2364 269 2393 coni.
288 2361 428 2393 Lamlm
453 2373 506 2392 me
524 2361 715 2392 oblectabat
732 2360 840 2391 Moser
945 2371 983 2399 14
1007 2360 1112 2399 Haec,
1131 2361 1215 2391 haec
1232 2355 1362 2390 EOZb:
1388 2359 1472 2388 haec
1485 2356 1527 2386 M

196 2408 243 2443 16,
269 2416 303 2443 17
329 2407 357 2436 si
381 2406 434 2436 vel
460 2405 651 2445 periculose
676 2405 817 2435 Lclmb.:
843 2405 915 2434 sive
941 2404 1130 2443 periculose
1151 2397 1305 2434 EORZ':
1336 2404 1407 2433 sive
1434 2402 1522 2441 peri-

190 2450 264 2479 culo
282 2451 328 2480 M
415 2450 452 2479 18
477 2449 643 2488 scripsisti
658 2448 718 2478 M:
747 2449 867 2487 scripsi
887 2448 1046 2478 Graevius
1063 2459 1102 2478 ex
1119 2447 1276 2478 codicibus
1292 2445 1484 2477 Ballioleusi
1496 2448 1524 2474 et

190 2492 462 2523 Helmstadtzensi
590 2502 627 2522 21
657 2492 717 2522 sub
736 2491 809 2522 add.
828 2495 897 2522 velt.
