1742 2651
604 118 715 154 EPP.
749 118 825 153 Al)
855 119 1114 157 ATTKJVM
1498 119 1629 157 XII.i

201 227 306 266 nihil.
368 228 476 277 Quid
506 243 597 278 ergo
627 243 726 279 opus
757 237 836 267 erat
867 229 1061 279 epistula?
1119 231 1238 279 Quid,
1272 246 1361 269 cum
1399 246 1529 270 coram

201 307 336 331 sumus
375 302 412 332 et
450 293 638 343 garrimus
678 293 867 344 quicquid
907 293 946 331 in
986 295 1182 333 buccam?
1245 298 1315 334 Est
1354 298 1530 345 profecto

201 358 391 407 quiddam
416 360 549 410 λέσχη,
573 373 674 408 quae
702 359 833 406 habet,
854 358 970 397 etiam
999 359 1029 397 si
1058 360 1154 398 nihil
1182 361 1327 408 subest,
1351 363 1533 400 conlocu-

201 423 308 461 tione
330 423 413 474 ipsa
433 423 675 462 suavitatem.

163 582 179 611 5
244 574 291 609 II
467 578 537 609 Scr.
558 578 686 609 Romae
703 583 777 609 (mle
794 580 875 610 med.
895 590 938 610 m.
957 579 1039 620 Apta
1058 591 1088 610 a.
1107 582 1166 619 708
1180 580 1268 621 (46).

615 667 784 698 CICERO
808 668 989 699 ATTICO
1012 667 1116 698 SAL.

256 754 334 792 Hic
362 768 536 793 rumores
568 764 698 793 tamen
726 758 908 794 Murcum
939 756 1084 806 perisse
1112 757 1322 807 naufragio,
1347 757 1528 795 Asinium
1548 770 1566 797 1

199 821 373 858 delatum
403 820 535 858 vivum
566 821 604 858 in
640 835 779 859 manus
810 822 990 869 militum,
1013 834 1035 859 L
1056 822 1165 860 navis
1195 824 1343 861 delatas
1373 823 1530 861 Vticam

200 886 335 923 reflatu
367 886 453 931 hoc,
489 886 722 935 Pompeium
756 900 835 924 non
868 900 1094 936 comparere
1125 901 1198 925 nec
1230 887 1269 925 in
1304 888 1530 925 Balearibus

147 966 182 988 10
201 950 364 988 omnino
396 951 524 997 fuisse,
556 960 597 989 ut
630 952 840 990 Paciaecus
869 953 1060 990 adfirmat.
1121 953 1199 990 Sed
1227 960 1362 990 auctor
1387 953 1530 990 nullius

200 1015 253 1053 rei
276 1016 496 1066 quisquam.
548 1018 685 1055 Habes
707 1031 818 1066 quae,
841 1018 937 1055 dum
959 1025 999 1055 tu
1020 1018 1128 1063 abes,
1149 1017 1269 1055 locuti
1291 1018 1378 1055 sint.
1428 1018 1529 1056 Ludi

200 1081 347 1120 interea
376 1084 596 1120 Praeneste.
658 1082 719 1121 Ibi
750 1082 902 1120 Hirtius
926 1091 964 1121 et
992 1083 1053 1121 isti
1081 1097 1229 1121 omnes.
1292 1085 1341 1121 Et
1369 1083 1529 1133 quidem
1550 1096 1574 1122 2

201 1147 283 1186 ludi
316 1148 400 1186 dies
433 1161 518 1185 vm.
579 1150 692 1197 Quae
727 1162 857 1194 cenae,
896 1162 996 1198 quae
1027 1148 1214 1186 deliciae!
1275 1151 1353 1187 Res
1384 1148 1531 1187 interea

201 1215 362 1252 fortasse
401 1221 595 1252 transacta
633 1221 700 1252 est.
779 1214 814 1251 O
855 1214 972 1251 miros
1015 1212 1219 1251 homines!
1291 1215 1343 1251 At
1384 1214 1530 1251 Balbus

143 1291 178 1322 15
199 1279 405 1321 aedificat:
434 1281 473 1317 τί
488 1282 559 1331 γὰρ
585 1281 682 1331 αὐτῷ
700 1281 828 1329 μέλει,·
858 1281 1006 1317 Verum
1028 1277 1058 1315 si
1086 1278 1249 1328 quaeris,
1274 1278 1424 1316 homini
1450 1293 1530 1317 non

201 1352 306 1382 recta
327 1346 396 1383 sed
417 1345 634 1394 voluptaria
654 1344 855 1394 quaerenti
878 1357 1011 1382 nonne
1031 1344 1243 1393 ssesslwrai?
1299 1345 1361 1381 Tu
1384 1343 1531 1381 interea

200 1410 358 1448 dormis.
420 1413 504 1448 Iam
535 1410 811 1460 explicandum
846 1418 903 1448 est
933 1410 1151 1459 πρόβλημα,
1184 1409 1213 1446 si
1246 1409 1340 1458 quid
1373 1416 1530 1447 acturus

199 1490 250 1513 es.
311 1476 350 1514 Si
381 1476 533 1525 quaeris
564 1475 658 1525 quid
690 1483 837 1525 putem,
859 1488 931 1524 ego
961 1476 1129 1513 fructum
1160 1482 1266 1524 putO.
1327 1475 1404 1512 Sed
1435 1473 1531 1523 quid

200 1543 351 1579 multa?
409 1543 493 1578 Iam
527 1548 563 1578 te
593 1540 738 1579 videbo
768 1549 805 1578 et
836 1540 1011 1590 quidem,
1038 1548 1080 1578 ut
1105 1553 1228 1590 spero,
1260 1540 1309 1578 de
1336 1539 1397 1576 via
1426 1546 1531 1577 recta

142 1620 179 1641 20
198 1608 249 1644 ad
271 1620 343 1644 me.
404 1605 527 1644 Simul
549 1605 653 1644 enim
674 1613 712 1644 et
733 1605 838 1644 diem
860 1604 1102 1654 Tyrannioni
1127 1604 1413 1644 constituemus
1440 1612 1478 1643 et
1499 1604 1530 1643 si

199 1670 295 1721 quid
314 1671 433 1709 aliud.

241 1822 315 1857 III
480 1825 550 1857 Ser.
569 1826 602 1856 in
625 1826 810 1856 Tusculano
827 1825 864 1855 1‘1'1'
874 1825 923 1855 Id.
942 1825 1017 1855 Iun.
1036 1835 1065 1854 α.
1086 1825 1147 1863 708
1165 1823 1250 1864 (46).

612 1914 784 1946 CICERO
807 1914 987 1945 ATTICO
1010 1913 1116 1945 SAL.

251 2006 385 2043 Vnum
407 2013 444 2043 te
474 2012 570 2055 puto
592 2004 721 2042 minus
749 2005 940 2042 blandum
962 2016 1046 2041 esse
1068 2016 1187 2052 quam
1215 2015 1278 2040 me
1303 2009 1350 2049 et,
1375 2002 1405 2041 si
1431 2010 1528 2042 uter·
1548 2018 1564 2044 1

138 2086 174 2117 ²5
196 2085 273 2121 que
295 2079 471 2109 nostrum
493 2079 550 2109 est
571 2070 784 2120 aliquando
805 2071 990 2108 adversus
1011 2068 1194 2118 aliquem,
1211 2068 1310 2106 inter
1331 2082 1403 2107 nos
1424 2077 1528 2108 certe

197 2150 415 2186 numquam
436 2149 581 2173 sumus.
628 2135 734 2173 Audi
756 2135 869 2184 igitur
885 2148 948 2172 me
970 2136 1045 2172 hoc
1067 2135 1295 2185 ἀγοητεύτως
1314 2133 1523 2172 dicentem.

198 2203 260 2239 Ne
290 2201 428 2248 vivam,
453 2201 506 2238 mi
536 2200 679 2246 Attice,
700 2199 731 2237 si
761 2199 856 2236 mihi
887 2212 967 2237 non
995 2200 1116 2236 modo
1146 2200 1428 2245 Tusculanum,
1458 2198 1526 2237 ubi

242 2314 258 2343 7
278 2315 391 2335 rumor
405 2309 455 2334 est
471 2304 613 2334 Statium
631 2303 781 2333 Murcum
797 2302 897 2333 Orelli
960 2302 979 2332 8
998 2302 1126 2333 delatas
1142 2302 1246 2333 Crem:
1266 2303 1377 2333 delata
1397 2303 1429 2331 in
1445 2301 1528 2332 ΔΟ]

200 2357 235 2377 ΙΙ
255 2349 321 2378 sint
336 2352 359 2378 Σ
375 2360 381 2378 2
403 2353 480 2377 sunt
494 2347 534 2377 ill
620 2357 656 2385 15
676 2357 742 2376 non
757 2347 898 2377 CORP:
919 2357 984 2376 om.
1002 2351 1029 2376 Δ
1119 2347 1157 2375 18
1175 2347 1333 2379 fructum]
1351 2350 1524 2385 peractum

196 2390 321 2423 Moser:
349 2392 540 2422 confectum
558 2390 698 2420 Sclziitz:
722 2390 869 2420 eluctum
883 2389 963 2418 Ellis
977 2401 983 2419 :
1009 2390 1079 2419 fore
1092 2394 1201 2420 actum
1218 2391 1296 2420 coni.
1310 2389 1396 2420 Reid
1483 2399 1524 2419 22

194 2436 334 2465 alterum
344 2435 443 2465 huius
453 2440 497 2474 ep.
512 2434 695 2473 exemplum
709 2434 771 2475 (m)
785 2433 993 2464 z'nvenilztrin
1005 2432 1046 2463 M
1056 2433 1120 2463 xvi.
1134 2443 1165 2473 5.
1182 2443 1201 2472 3
1209 2438 1284 2474 post
1293 2444 1355 2464 voc.
1372 2437 1525 2463 revertar

1374 2476 1436 2507 26*
