1649 2532
608 440 779 477 LIBER
810 439 997 478 Nost

558 543 661 590 AD
714 543 1051 590 ATTICVM

177 668 201 704 Ῑ
358 671 427 702 Scr.
446 671 479 702 in
497 671 673 702 Formiano
686 671 774 711 prid.
791 670 876 701 Non.
898 671 999 702 Μανί.
1020 682 1050 702 α.
1075 681 1128 711 705
1147 670 1234 713 (49).

266 739 268 741 ’
554 760 727 791 CICERO
753 760 924 791 ATTICO
951 760 1047 792 sAL.

188 840 285 876 ETSI
311 852 401 876 cum
427 846 467 877 tu
498 840 567 877 has
595 838 739 877 litteras
767 841 925 889 legeres,
949 840 1137 889 putabam
1159 841 1240 878 sore
1261 846 1303 877 ut
1324 838 1462 878 scirem
1481 852 1500 879 1

133 903 209 941 iam
245 903 340 953 quid
375 904 559 942 Brundisi
590 912 721 942 actum
758 913 860 943 esset
893 904 1002 955 (nam
1036 905 1210 944 Canusio
1245 917 1336 942 vnn
1372 906 1459 942 Kal.

93 986 110 1016 5
131 970 329 1018 profectus
349 978 430 1008 erat
452 971 636 1018 Gnaeus3
665 972 762 1009 haec
783 980 915 1010 autem
937 971 1157 1009 scribebam
1179 971 1302 1022 pridie
1324 973 1462 1009 Nonas

131 1045 225 1071 X1111
247 1034 311 1072 die
341 1043 429 1084 post
459 1049 576 1085 quam
604 1035 667 1073 ille
695 1036 870 1075 Canusio
900 1036 1106 1086 moverat)‚
1134 1044 1265 1075 tamen
1291 1037 1463 1086 angebar

130 1099 369 1149 singularum
391 1102 573 1139 horarum
594 1102 884 1151 exspectatione
906 1102 1153 1152 mirabarque
1169 1102 1265 1140 nihil
1285 1104 1461 1141 adlatum

129 1178 214 1203 esse
238 1179 287 1203 ne
312 1165 476 1204 rumoris
502 1165 688 1215 quidem3
718 1181 809 1204 nam
835 1174 915 1205 erat
940 1167 1081 1205 mirum
1115 1167 1323 1205 silentium.
1381 1169 1460 1206 Sed

129 1231 226 1268 haec
265 1231 427 1269 fortasse
464 1232 691 1270 κενόσπουδα
723 1240 824 1279 sunt,
866 1246 967 1282 quae
1000 1240 1131 1270 tamen
1172 1232 1248 1270 iam
1288 1232 1460 1271 sciantur

72 1311 110 1333 10
128 1309 289 1334 necesse
303 1304 359 1334 est
379 1311 388 1343 ς
417 1296 513 1335 illud
531 1299 741 1336 molestum
763 1312 826 1335 me
846 1299 978 1336 adhuc
1000 1297 1231 1348 investigare
1245 1312 1324 1336 non
1342 1312 1457 1348 posse
1477 1311 1502 1337 2

127 1360 195 1398 ubi
223 1363 264 1398 P.
295 1363 486 1400 Lentulus
516 1371 648 1401 noster
677 1363 735 1410 sit,
768 1363 835 1401 ubi
862 1363 1072 1401 Domitius.
1132 1364 1291 1411 Quaero
1311 1371 1454 1410 autem,

126 1439 206 1475 quo
236 1426 385 1465 facilius
416 1427 512 1466 scire
542 1428 690 1478 possim
721 1429 817 1478 quid
845 1429 969 1466 acturi
994 1428 1080 1475 sint,
1104 1428 1245 1467 iturine
1271 1430 1322 1467 ad
1344 1431 1458 1467 Pom-

127 1491 259 1540 peium
281 1499 329 1538 et,
353 1492 384 1530 si
406 1500 506 1539 sunt,
531 1507 609 1543 qua
630 1495 839 1543 quandove
861 1493 949 1532 ituri
971 1494 1057 1532 sint.

181 1557 329 1594 Vrbem
369 1557 530 1607 quidem
570 1558 647 1596 iam
688 1561 866 1597 refertam
912 1573 997 1597 esse
1036 1559 1285 1609 optimatium
1323 1560 1453 1606 audio,

72 1631 107 1662 15
129 1620 283 1659 Sosium
311 1630 348 1660 et
377 1624 533 1672 Lupum
554 1637 654 1672 quos
680 1625 839 1662 Gnaeus
866 1631 999 1662 noster
1021 1632 1113 1662 ante
1140 1625 1303 1674 putabat
1336 1627 1457 1662 Brun—

127 1686 270 1724 disium
290 1694 475 1726 venturos
496 1701 580 1726 esse
608 1703 725 1738 quam
748 1703 789 1727 se
816 1689 874 1727 ius
897 1689 1036 1728 dicere.
1098 1689 1207 1727 Hinc
1228 1703 1319 1727 vero
1340 1691 1456 1739 vulgo

124 1752 273 1789 vadunt
291 1766 300 1798 3
326 1752 443 1790 etiam
468 1754 532 1790 Μ’.
554 1753 727 1802 Lepidus
743 1767 914 1804 quocum
937 1753 1041 1792 diem
1060 1761 1260 1792 conterere
1277 1755 1453 1793 solebam

122 1829 205 1854 cras
235 1816 440 1866 cogitabat.
501 1818 585 1856 Nos
613 1826 745 1856 autem
776 1819 815 1856 in
841 1819 1052 1857 Formiano
1080 1820 1339 1865 morabamur,
1372 1834 1452 1870 quo
1471 1833 1496 1869 3

122 1881 235 1919 citius
266 1882 490 1921 audiremus
507 1898 516 1929 5
558 1883 703 1922 deinde
734 1885 929 1935 Arpinum
957 1885 1214 1931 volebamus3
1254 1885 1347 1924 inde
1381 1886 1453 1924 iter

65 1960 104 1982 20
123 1959 201 1995 qua
234 1947 402 1986 maxime
432 1951 684 1999 ἀιάπάντητον
712 1958 814 1988 esset
847 1952 898 1989 ad
934 1964 1038 1988 mare
1073 1964 1258 2000 superum
1293 1951 1452 1990 remotis

122 2011 202 2049 sive
222 2012 386 2050 omnino
414 2013 540 2052 missis
569 2014 780 2053 lictoribus.
840 2016 974 2054 Audio
1005 2015 1110 2054 enim
1139 2016 1253 2054 bonis
1274 2016 1363 2054 viris
1384 2016 1452 2067 qui

121 2083 160 2113 et
179 2090 285 2114 nunc
305 2085 343 2115 et
364 2091 479 2127 saepe
500 2086 615 2117 antea
635 2094 778 2130 magno
798 2080 993 2130 praesidio
1014 2081 1068 2119 rei
1093 2081 1274 2131 publicae
1295 2084 1451 2121 fuerunt

121 2141 223 2178 hanc
243 2142 536 2181 cunctationem
557 2152 729 2182 nostram
757 2159 837 2183 non
865 2145 1020 2195 probari
1042 2148 1245 2197 multaque
1265 2149 1306 2185 in
1327 2161 1389 2186 me
1411 2155 1449 2186 et

121 2217 252 2243 severe
273 2205 312 2243 in
333 2207 520 2246 conviviis
543 2209 783 2258 tempestivis
804 2209 965 2259 quidem
987 2210 1186 2260 disputari.

163 2308 184 2336 6
207 2307 277 2348 ille]
305 2309 334 2338 is
357 2320 393 2339 se
417 2310 503 2340 Reid
634 2320 674 2349 23
700 2311 733 2341 in
756 2322 808 2343 me
826 2312 961 2344 Aldus:
987 2314 1068 2344 mihi
1086 2313 1128 2343 M
1139 2313 1308 2346 Schmidt:
1333 2315 1448 2355 inique

121 2351 163 2380 de
180 2361 233 2381 me
249 2353 328 2383 coni.
346 2351 469 2383 Mz'iller

163 2416 224 2436 ele.
243 2417 290 2437 AD
307 2417 379 2439 ATT.
1321 2414 1360 2444 19
