<?xml version="1.0" encoding="UTF-8"?>
<!DOCTYPE html PUBLIC "-//W3C//DTD XHTML 1.0 Transitional//EN"
    "http://www.w3.org/TR/xhtml1/DTD/xhtml1-transitional.dtd">
<html xmlns="http://www.w3.org/1999/xhtml" xml:lang="en" lang="en">
 <head>
  <title>
</title>
<meta http-equiv="Content-Type" content="text/html;charset=utf-8" />
  <meta name='ocr-system' content='tesseract 3.04.00' />
  <meta name='ocr-capabilities' content='ocr_page ocr_carea ocr_par ocr_line ocrx_word'/>
</head>
<body>
  <div class='ocr_page' id='page_1' title='image "./p2epistulaerecog02ciceuoft_0135.png"; bbox 0 0 1742 2651; ppageno 0'>
   <div class='ocr_carea' id='block_1_1' title="bbox 592 120 1613 159">
    <p class='ocr_par' dir='ltr' id='par_1_1' title="bbox 592 120 1613 159">
     <span class='ocr_line' id='line_1_1' title="bbox 592 120 1613 159; baseline -0.001 -1"><span class='ocrx_word' id='word_1_1' title='bbox 592 123 703 158; x_wconf 86' lang='lat' dir='ltr'>EPP.</span> <span class='ocrx_word' id='word_1_2' title='bbox 736 123 813 158; x_wconf 81' lang='grc' dir='ltr'>ΑΙ)</span> <span class='ocrx_word' id='word_1_3' title='bbox 845 122 1105 159; x_wconf 79' lang='lat' dir='ltr'>ATTICVM</span> <span class='ocrx_word' id='word_1_4' title='bbox 1422 122 1516 158; x_wconf 84' lang='lat' dir='ltr'>XII.</span> <span class='ocrx_word' id='word_1_5' title='bbox 1535 120 1613 156; x_wconf 82' lang='lat' dir='ltr'>xix</span> 
     </span>
    </p>
   </div>
   <div class='ocr_carea' id='block_1_2' title="bbox 116 233 1559 1911">
    <p class='ocr_par' dir='ltr' id='par_1_2' title="bbox 117 233 1559 1519">
     <span class='ocr_line' id='line_1_2' title="bbox 185 233 1513 284; baseline -0.001 -13"><span class='ocrx_word' id='word_1_6' title='bbox 185 234 282 273; x_wconf 84' lang='lat' dir='ltr'>biles</span> <span class='ocrx_word' id='word_1_7' title='bbox 297 234 378 272; x_wconf 82' lang='lat' dir='ltr'>fieri</span> <span class='ocrx_word' id='word_1_8' title='bbox 391 241 556 284; x_wconf 82' lang='lat' dir='ltr'>possunt</span> <span class='ocrx_word' id='word_1_9' title='bbox 571 233 610 271; x_wconf 88' lang='lat' dir='ltr'>in</span> <span class='ocrx_word' id='word_1_10' title='bbox 624 233 776 272; x_wconf 81' lang='lat' dir='ltr'>infinita</span> <span class='ocrx_word' id='word_1_11' title='bbox 793 233 1028 283; x_wconf 81' lang='lat' dir='ltr'>posteritate,</span> <span class='ocrx_word' id='word_1_12' title='bbox 1045 233 1075 271; x_wconf 83' lang='lat' dir='ltr'>si</span> <span class='ocrx_word' id='word_1_13' title='bbox 1091 235 1212 272; x_wconf 86' lang='lat' dir='ltr'>modo</span> <span class='ocrx_word' id='word_1_14' title='bbox 1229 235 1325 271; x_wconf 83' lang='lat' dir='ltr'>haec</span> <span class='ocrx_word' id='word_1_15' title='bbox 1342 234 1513 279; x_wconf 87' lang='lat' dir='ltr'>stabunt,</span> 
     </span>
     <span class='ocr_line' id='line_1_3' title="bbox 184 298 1512 349; baseline -0.001 -13"><span class='ocrx_word' id='word_1_16' title='bbox 184 299 280 337; x_wconf 89' lang='lat' dir='ltr'>illud</span> <span class='ocrx_word' id='word_1_17' title='bbox 316 299 427 349; x_wconf 82' lang='lat' dir='ltr'>quasi</span> <span class='ocrx_word' id='word_1_18' title='bbox 463 307 737 336; x_wconf 87' lang='lat' dir='ltr'>consecratum</span> <span class='ocrx_word' id='word_1_19' title='bbox 774 312 975 336; x_wconf 87' lang='lat' dir='ltr'>remanere</span> <span class='ocrx_word' id='word_1_20' title='bbox 1010 298 1142 347; x_wconf 84' lang='lat' dir='ltr'>possit.</span> <span class='ocrx_word' id='word_1_21' title='bbox 1205 298 1400 347; x_wconf 81' lang='lat' dir='ltr'>Equidem</span> <span class='ocrx_word' id='word_1_22' title='bbox 1436 298 1512 335; x_wconf 83' lang='lat' dir='ltr'>iam</span> 
     </span>
     <span class='ocr_line' id='line_1_4' title="bbox 184 363 1510 413; baseline 0.001 -13"><span class='ocrx_word' id='word_1_23' title='bbox 184 363 280 401; x_wconf 83' lang='lat' dir='ltr'>nihil</span> <span class='ocrx_word' id='word_1_24' title='bbox 319 377 415 413; x_wconf 80' lang='lat' dir='ltr'>egeo</span> <span class='ocrx_word' id='word_1_25' title='bbox 447 363 702 413; x_wconf 78' lang='lat' dir='ltr'>vectigalibus</span> <span class='ocrx_word' id='word_1_26' title='bbox 739 371 776 401; x_wconf 88' lang='lat' dir='ltr'>et</span> <span class='ocrx_word' id='word_1_27' title='bbox 811 377 930 413; x_wconf 81' lang='lat' dir='ltr'>parvo</span> <span class='ocrx_word' id='word_1_28' title='bbox 969 371 1179 401; x_wconf 86' lang='lat' dir='ltr'>contentus</span> <span class='ocrx_word' id='word_1_29' title='bbox 1214 377 1298 401; x_wconf 89' lang='lat' dir='ltr'>esse</span> <span class='ocrx_word' id='word_1_30' title='bbox 1337 376 1510 412; x_wconf 89' lang='lat' dir='ltr'>possum.</span> 
     </span>
     <span class='ocr_line' id='line_1_5' title="bbox 183 428 1513 478; baseline -0.002 -11"><span class='ocrx_word' id='word_1_31' title='bbox 183 429 326 478; x_wconf 80' lang='lat' dir='ltr'>Cogito</span> <span class='ocrx_word' id='word_1_32' title='bbox 365 429 563 467; x_wconf 88' lang='lat' dir='ltr'>interdum</span> <span class='ocrx_word' id='word_1_33' title='bbox 605 436 711 465; x_wconf 85' lang='lat' dir='ltr'>trans</span> <span class='ocrx_word' id='word_1_34' title='bbox 744 428 920 466; x_wconf 78' lang='lat' dir='ltr'>Tiberim</span> <span class='ocrx_word' id='word_1_35' title='bbox 956 430 1090 466; x_wconf 87' lang='lat' dir='ltr'>hortos</span> <span class='ocrx_word' id='word_1_36' title='bbox 1124 428 1277 477; x_wconf 83' lang='lat' dir='ltr'>aliquos</span> <span class='ocrx_word' id='word_1_37' title='bbox 1311 441 1445 477; x_wconf 84' lang='lat' dir='ltr'>parare</span> <span class='ocrx_word' id='word_1_38' title='bbox 1474 435 1513 465; x_wconf 90' lang='lat' dir='ltr'>et</span> 
     </span>
     <span class='ocr_line' id='line_1_6' title="bbox 144 492 1511 542; baseline 0 -12"><span class='ocrx_word' id='word_1_39' title='bbox 144 510 160 540; x_wconf 90' lang='lat'>5</span> <span class='ocrx_word' id='word_1_40' title='bbox 182 493 344 542; x_wconf 84' lang='lat' dir='ltr'>quidem</span> <span class='ocrx_word' id='word_1_41' title='bbox 372 494 425 532; x_wconf 93' lang='lat' dir='ltr'>ob</span> <span class='ocrx_word' id='word_1_42' title='bbox 452 495 554 531; x_wconf 85' lang='lat' dir='ltr'>hanc</span> <span class='ocrx_word' id='word_1_43' title='bbox 584 506 744 530; x_wconf 83' lang='lat' dir='ltr'>causam</span> <span class='ocrx_word' id='word_1_44' title='bbox 776 492 968 530; x_wconf 75' lang='lat' dir='ltr'>maxime:</span> <span class='ocrx_word' id='word_1_45' title='bbox 1000 492 1096 530; x_wconf 83' lang='lat' dir='ltr'>nihil</span> <span class='ocrx_word' id='word_1_46' title='bbox 1127 493 1233 530; x_wconf 87' lang='lat' dir='ltr'>enim</span> <span class='ocrx_word' id='word_1_47' title='bbox 1260 492 1376 530; x_wconf 89' lang='lat' dir='ltr'>video</span> <span class='ocrx_word' id='word_1_48' title='bbox 1403 494 1511 542; x_wconf 85' lang='lat' dir='ltr'>quod</span> 
     </span>
     <span class='ocr_line' id='line_1_7' title="bbox 182 557 1513 607; baseline -0.001 -12"><span class='ocrx_word' id='word_1_49' title='bbox 182 566 261 596; x_wconf 81' lang='lat' dir='ltr'>tam</span> <span class='ocrx_word' id='word_1_50' title='bbox 291 559 445 597; x_wconf 88' lang='lat' dir='ltr'>celebre</span> <span class='ocrx_word' id='word_1_51' title='bbox 474 572 559 596; x_wconf 85' lang='lat' dir='ltr'>esse</span> <span class='ocrx_word' id='word_1_52' title='bbox 591 557 724 607; x_wconf 81' lang='lat' dir='ltr'>possit.</span> <span class='ocrx_word' id='word_1_53' title='bbox 786 558 865 595; x_wconf 79' lang='lat' dir='ltr'>Sed</span> <span class='ocrx_word' id='word_1_54' title='bbox 895 571 1006 607; x_wconf 81' lang='lat' dir='ltr'>quos,</span> <span class='ocrx_word' id='word_1_55' title='bbox 1036 572 1168 595; x_wconf 86' lang='lat' dir='ltr'>coram</span> <span class='ocrx_word' id='word_1_56' title='bbox 1198 557 1433 603; x_wconf 81' lang='lat' dir='ltr'>videbimus,</span> <span class='ocrx_word' id='word_1_57' title='bbox 1459 557 1513 595; x_wconf 79' lang='lat' dir='ltr'>ita</span> 
     </span>
     <span class='ocr_line' id='line_1_8' title="bbox 182 622 1511 661; baseline 0 -1"><span class='ocrx_word' id='word_1_58' title='bbox 182 630 313 660; x_wconf 87' lang='lat' dir='ltr'>tamen</span> <span class='ocrx_word' id='word_1_59' title='bbox 335 631 376 660; x_wconf 92' lang='lat' dir='ltr'>ut</span> <span class='ocrx_word' id='word_1_60' title='bbox 397 624 470 660; x_wconf 86' lang='lat' dir='ltr'>hac</span> <span class='ocrx_word' id='word_1_61' title='bbox 490 630 637 660; x_wconf 76' lang='lat' dir='ltr'>aestate</span> <span class='ocrx_word' id='word_1_62' title='bbox 658 623 794 659; x_wconf 86' lang='lat' dir='ltr'>fanum</span> <span class='ocrx_word' id='word_1_63' title='bbox 815 623 1041 660; x_wconf 86' lang='lat' dir='ltr'>absolutum</span> <span class='ocrx_word' id='word_1_64' title='bbox 1064 622 1122 660; x_wconf 88' lang='lat' dir='ltr'>sit.</span> <span class='ocrx_word' id='word_1_65' title='bbox 1182 624 1245 659; x_wconf 89' lang='lat' dir='ltr'>Tu</span> <span class='ocrx_word' id='word_1_66' title='bbox 1267 629 1399 660; x_wconf 85' lang='lat' dir='ltr'>tamen</span> <span class='ocrx_word' id='word_1_67' title='bbox 1420 636 1511 661; x_wconf 90' lang='lat' dir='ltr'>cum</span> 
     </span>
     <span class='ocr_line' id='line_1_9' title="bbox 180 687 914 737; baseline 0 -13"><span class='ocrx_word' id='word_1_68' title='bbox 180 689 321 737; x_wconf 81' lang='lat' dir='ltr'>Apella</span> <span class='ocrx_word' id='word_1_69' title='bbox 342 687 445 726; x_wconf 83' lang='lat' dir='ltr'>Chio</span> <span class='ocrx_word' id='word_1_70' title='bbox 465 689 617 726; x_wconf 83' lang='lat' dir='ltr'>confice</span> <span class='ocrx_word' id='word_1_71' title='bbox 637 688 687 725; x_wconf 89' lang='lat' dir='ltr'>de</span> <span class='ocrx_word' id='word_1_72' title='bbox 709 687 914 725; x_wconf 83' lang='lat' dir='ltr'>columnis.</span> 
     </span>
     <span class='ocr_line' id='line_1_10' title="bbox 238 753 1559 804; baseline 0.001 -14"><span class='ocrx_word' id='word_1_73' title='bbox 238 755 298 790; x_wconf 90' lang='lat' dir='ltr'>De</span> <span class='ocrx_word' id='word_1_74' title='bbox 315 753 487 791; x_wconf 81' lang='lat' dir='ltr'>Cocceio</span> <span class='ocrx_word' id='word_1_75' title='bbox 509 761 547 791; x_wconf 93' lang='lat' dir='ltr'>et</span> <span class='ocrx_word' id='word_1_76' title='bbox 564 753 718 791; x_wconf 87' lang='lat' dir='ltr'>Libone</span> <span class='ocrx_word' id='word_1_77' title='bbox 731 766 833 802; x_wconf 80' lang='lat' dir='ltr'>quae</span> <span class='ocrx_word' id='word_1_78' title='bbox 854 753 990 791; x_wconf 87' lang='lat' dir='ltr'>scribis</span> <span class='ocrx_word' id='word_1_79' title='bbox 1011 754 1201 804; x_wconf 81' lang='lat' dir='ltr'>approbo,</span> <span class='ocrx_word' id='word_1_80' title='bbox 1218 754 1386 792; x_wconf 80' lang='lat' dir='ltr'>maxime</span> <span class='ocrx_word' id='word_1_81' title='bbox 1402 755 1511 804; x_wconf 83' lang='lat' dir='ltr'>quod</span> <span class='ocrx_word' id='word_1_82' title='bbox 1534 761 1559 788; x_wconf 85' lang='lat'>2</span> 
     </span>
     <span class='ocr_line' id='line_1_11' title="bbox 125 817 1511 869; baseline 0.003 -16"><span class='ocrx_word' id='word_1_83' title='bbox 125 831 162 852; x_wconf 85' lang='lat'>10</span> <span class='ocrx_word' id='word_1_84' title='bbox 181 818 231 855; x_wconf 88' lang='lat' dir='ltr'>de</span> <span class='ocrx_word' id='word_1_85' title='bbox 251 817 425 855; x_wconf 85' lang='lat' dir='ltr'>iudicatu</span> <span class='ocrx_word' id='word_1_86' title='bbox 454 832 553 856; x_wconf 90' lang='lat' dir='ltr'>meo.</span> <span class='ocrx_word' id='word_1_87' title='bbox 616 820 677 856; x_wconf 90' lang='lat' dir='ltr'>De</span> <span class='ocrx_word' id='word_1_88' title='bbox 702 832 850 868; x_wconf 90' lang='lat' dir='ltr'>sponsu</span> <span class='ocrx_word' id='word_1_89' title='bbox 876 818 905 855; x_wconf 83' lang='lat' dir='ltr'>si</span> <span class='ocrx_word' id='word_1_90' title='bbox 935 819 1030 868; x_wconf 83' lang='lat' dir='ltr'>quid</span> <span class='ocrx_word' id='word_1_91' title='bbox 1058 819 1298 869; x_wconf 75' lang='lat' dir='ltr'>perspexeris</span> <span class='ocrx_word' id='word_1_92' title='bbox 1320 827 1357 857; x_wconf 89' lang='lat' dir='ltr'>et</span> <span class='ocrx_word' id='word_1_93' title='bbox 1378 827 1511 857; x_wconf 84' lang='lat' dir='ltr'>tamen</span> 
     </span>
     <span class='ocr_line' id='line_1_12' title="bbox 180 883 1511 932; baseline 0.002 -12"><span class='ocrx_word' id='word_1_94' title='bbox 180 883 275 932; x_wconf 84' lang='lat' dir='ltr'>quid</span> <span class='ocrx_word' id='word_1_95' title='bbox 297 891 567 932; x_wconf 78' lang='lat' dir='ltr'>procuratores</span> <span class='ocrx_word' id='word_1_96' title='bbox 584 883 771 922; x_wconf 85' lang='lat' dir='ltr'>Cornifici</span> <span class='ocrx_word' id='word_1_97' title='bbox 793 883 925 921; x_wconf 84' lang='lat' dir='ltr'>dicant</span> <span class='ocrx_word' id='word_1_98' title='bbox 940 883 1056 921; x_wconf 84' lang='lat' dir='ltr'>velim</span> <span class='ocrx_word' id='word_1_99' title='bbox 1078 884 1186 930; x_wconf 87' lang='lat' dir='ltr'>scire,</span> <span class='ocrx_word' id='word_1_100' title='bbox 1210 884 1262 922; x_wconf 87' lang='lat' dir='ltr'>ita</span> <span class='ocrx_word' id='word_1_101' title='bbox 1282 892 1324 922; x_wconf 87' lang='lat' dir='ltr'>ut</span> <span class='ocrx_word' id='word_1_102' title='bbox 1345 884 1383 922; x_wconf 89' lang='lat' dir='ltr'>in</span> <span class='ocrx_word' id='word_1_103' title='bbox 1405 898 1451 922; x_wconf 88' lang='lat' dir='ltr'>ea</span> <span class='ocrx_word' id='word_1_104' title='bbox 1470 898 1511 923; x_wconf 89' lang='lat' dir='ltr'>re</span> 
     </span>
     <span class='ocr_line' id='line_1_13' title="bbox 180 948 1507 1000; baseline 0.002 -15"><span class='ocrx_word' id='word_1_105' title='bbox 180 955 228 994; x_wconf 89' lang='lat' dir='ltr'>te,</span> <span class='ocrx_word' id='word_1_106' title='bbox 243 961 333 985; x_wconf 90' lang='lat' dir='ltr'>cum</span> <span class='ocrx_word' id='word_1_107' title='bbox 356 956 434 985; x_wconf 77' lang='lat' dir='ltr'>tani</span> <span class='ocrx_word' id='word_1_108' title='bbox 456 956 672 998; x_wconf 86' lang='lat' dir='ltr'>occupatus</span> <span class='ocrx_word' id='word_1_109' title='bbox 689 948 751 994; x_wconf 85' lang='lat' dir='ltr'>sis,</span> <span class='ocrx_word' id='word_1_110' title='bbox 768 962 849 985; x_wconf 90' lang='lat' dir='ltr'>non</span> <span class='ocrx_word' id='word_1_111' title='bbox 871 950 1037 986; x_wconf 88' lang='lat' dir='ltr'>multum</span> <span class='ocrx_word' id='word_1_112' title='bbox 1056 962 1198 998; x_wconf 77' lang='lat' dir='ltr'>operae</span> <span class='ocrx_word' id='word_1_113' title='bbox 1212 950 1327 987; x_wconf 87' lang='lat' dir='ltr'>velim</span> <span class='ocrx_word' id='word_1_114' title='bbox 1350 963 1507 1000; x_wconf 87' lang='lat' dir='ltr'>ponere.</span> 
     </span>
     <span class='ocr_line' id='line_1_14' title="bbox 180 1012 1511 1064; baseline 0.002 -14"><span class='ocrx_word' id='word_1_115' title='bbox 180 1015 242 1050; x_wconf 80' lang='lat' dir='ltr'>De</span> <span class='ocrx_word' id='word_1_116' title='bbox 266 1012 443 1050; x_wconf 78' lang='lat' dir='ltr'>Antonio</span> <span class='ocrx_word' id='word_1_117' title='bbox 470 1013 617 1051; x_wconf 83' lang='lat' dir='ltr'>Balbus</span> <span class='ocrx_word' id='word_1_118' title='bbox 644 1026 804 1062; x_wconf 83' lang='lat' dir='ltr'>quoque</span> <span class='ocrx_word' id='word_1_119' title='bbox 830 1014 882 1051; x_wconf 82' lang='lat' dir='ltr'>ad</span> <span class='ocrx_word' id='word_1_120' title='bbox 913 1027 976 1050; x_wconf 88' lang='lat' dir='ltr'>me</span> <span class='ocrx_word' id='word_1_121' title='bbox 1004 1027 1094 1051; x_wconf 85' lang='lat' dir='ltr'>cum</span> <span class='ocrx_word' id='word_1_122' title='bbox 1117 1014 1250 1063; x_wconf 91' lang='lat' dir='ltr'>Oppio</span> <span class='ocrx_word' id='word_1_123' title='bbox 1278 1015 1511 1064; x_wconf 86' lang='lat' dir='ltr'>conscripsit</span> 
     </span>
     <span class='ocr_line' id='line_1_15' title="bbox 179 1077 1510 1129; baseline 0.002 -13"><span class='ocrx_word' id='word_1_124' title='bbox 179 1077 298 1128; x_wconf 82' lang='lat' dir='ltr'>idque</span> <span class='ocrx_word' id='word_1_125' title='bbox 325 1078 395 1116; x_wconf 88' lang='lat' dir='ltr'>tibi</span> <span class='ocrx_word' id='word_1_126' title='bbox 426 1078 618 1127; x_wconf 83' lang='lat' dir='ltr'>placuisse</span> <span class='ocrx_word' id='word_1_127' title='bbox 645 1092 694 1116; x_wconf 91' lang='lat' dir='ltr'>ne</span> <span class='ocrx_word' id='word_1_128' title='bbox 720 1079 976 1127; x_wconf 84' lang='lat' dir='ltr'>perturbarer.</span> <span class='ocrx_word' id='word_1_129' title='bbox 1039 1078 1120 1116; x_wconf 84' lang='lat' dir='ltr'>Illis</span> <span class='ocrx_word' id='word_1_130' title='bbox 1151 1079 1210 1128; x_wconf 75' lang='lat' dir='ltr'>egi</span> <span class='ocrx_word' id='word_1_131' title='bbox 1240 1079 1390 1129; x_wconf 79' lang='lat' dir='ltr'>gratias.</span> <span class='ocrx_word' id='word_1_132' title='bbox 1451 1082 1510 1119; x_wconf 90' lang='lat' dir='ltr'>Te</span> 
     </span>
     <span class='ocr_line' id='line_1_16' title="bbox 121 1144 1509 1194; baseline 0.001 -13"><span class='ocrx_word' id='word_1_133' title='bbox 121 1155 157 1187; x_wconf 83' lang='lat'>15</span> <span class='ocrx_word' id='word_1_134' title='bbox 179 1152 322 1190; x_wconf 86' lang='lat' dir='ltr'>tamen,</span> <span class='ocrx_word' id='word_1_135' title='bbox 345 1152 387 1182; x_wconf 89' lang='lat' dir='ltr'>ut</span> <span class='ocrx_word' id='word_1_136' title='bbox 408 1144 485 1182; x_wconf 88' lang='lat' dir='ltr'>iam</span> <span class='ocrx_word' id='word_1_137' title='bbox 514 1152 605 1182; x_wconf 87' lang='lat' dir='ltr'>ante</span> <span class='ocrx_word' id='word_1_138' title='bbox 630 1146 680 1182; x_wconf 81' lang='lat' dir='ltr'>ad</span> <span class='ocrx_word' id='word_1_139' title='bbox 709 1152 746 1182; x_wconf 92' lang='lat' dir='ltr'>te</span> <span class='ocrx_word' id='word_1_140' title='bbox 774 1144 921 1193; x_wconf 87' lang='lat' dir='ltr'>scripsi,</span> <span class='ocrx_word' id='word_1_141' title='bbox 945 1144 1042 1182; x_wconf 85' lang='lat' dir='ltr'>scire</span> <span class='ocrx_word' id='word_1_142' title='bbox 1064 1145 1154 1182; x_wconf 85' lang='lat' dir='ltr'>volo</span> <span class='ocrx_word' id='word_1_143' title='bbox 1186 1158 1248 1182; x_wconf 89' lang='lat' dir='ltr'>me</span> <span class='ocrx_word' id='word_1_144' title='bbox 1279 1159 1407 1194; x_wconf 85' lang='lat' dir='ltr'>neque</span> <span class='ocrx_word' id='word_1_145' title='bbox 1434 1145 1509 1183; x_wconf 89' lang='lat' dir='ltr'>isto</span> 
     </span>
     <span class='ocr_line' id='line_1_17' title="bbox 179 1209 1506 1260; baseline 0 -13"><span class='ocrx_word' id='word_1_146' title='bbox 179 1209 317 1247; x_wconf 87' lang='lat' dir='ltr'>nuntio</span> <span class='ocrx_word' id='word_1_147' title='bbox 356 1224 441 1247; x_wconf 84' lang='lat' dir='ltr'>esse</span> <span class='ocrx_word' id='word_1_148' title='bbox 482 1210 751 1260; x_wconf 87' lang='lat' dir='ltr'>perturbatum</span> <span class='ocrx_word' id='word_1_149' title='bbox 792 1224 866 1247; x_wconf 92' lang='lat' dir='ltr'>nec</span> <span class='ocrx_word' id='word_1_150' title='bbox 905 1209 981 1247; x_wconf 87' lang='lat' dir='ltr'>iam</span> <span class='ocrx_word' id='word_1_151' title='bbox 1023 1211 1103 1247; x_wconf 89' lang='lat' dir='ltr'>ullo</span> <span class='ocrx_word' id='word_1_152' title='bbox 1144 1210 1411 1259; x_wconf 85' lang='lat' dir='ltr'>perturbatum</span> <span class='ocrx_word' id='word_1_153' title='bbox 1452 1209 1506 1247; x_wconf 89' lang='lat' dir='ltr'>iri.</span> 
     </span>
     <span class='ocr_line' id='line_1_18' title="bbox 179 1274 1554 1325; baseline 0 -13"><span class='ocrx_word' id='word_1_154' title='bbox 179 1276 306 1313; x_wconf 87' lang='lat' dir='ltr'>l&#39;ansa</span> <span class='ocrx_word' id='word_1_155' title='bbox 335 1275 365 1312; x_wconf 83' lang='lat' dir='ltr'>si</span> <span class='ocrx_word' id='word_1_156' title='bbox 396 1274 526 1321; x_wconf 88' lang='lat' dir='ltr'>hodie,</span> <span class='ocrx_word' id='word_1_157' title='bbox 550 1282 591 1312; x_wconf 89' lang='lat' dir='ltr'>ut</span> <span class='ocrx_word' id='word_1_158' title='bbox 622 1275 798 1324; x_wconf 87' lang='lat' dir='ltr'>putabas,</span> <span class='ocrx_word' id='word_1_159' title='bbox 829 1276 1027 1324; x_wconf 84' lang='lat' dir='ltr'>profectus</span> <span class='ocrx_word' id='word_1_160' title='bbox 1061 1283 1130 1321; x_wconf 86' lang='lat' dir='ltr'>est,</span> <span class='ocrx_word' id='word_1_161' title='bbox 1154 1276 1319 1325; x_wconf 81' lang='lat' dir='ltr'>posthac</span> <span class='ocrx_word' id='word_1_162' title='bbox 1348 1275 1424 1313; x_wconf 88' lang='lat' dir='ltr'>iam</span> <span class='ocrx_word' id='word_1_163' title='bbox 1456 1275 1509 1313; x_wconf 84' lang='lat' dir='ltr'>in-</span> <span class='ocrx_word' id='word_1_164' title='bbox 1530 1283 1554 1319; x_wconf 89' lang='lat'><strong>3</strong></span> 
     </span>
     <span class='ocr_line' id='line_1_19' title="bbox 176 1339 1508 1389; baseline 0 -12"><span class='ocrx_word' id='word_1_165' title='bbox 176 1339 296 1389; x_wconf 86' lang='lat' dir='ltr'>cipito</span> <span class='ocrx_word' id='word_1_166' title='bbox 327 1340 494 1377; x_wconf 87' lang='lat' dir='ltr'>scribere</span> <span class='ocrx_word' id='word_1_167' title='bbox 521 1341 572 1378; x_wconf 83' lang='lat' dir='ltr'>ad</span> <span class='ocrx_word' id='word_1_168' title='bbox 600 1353 662 1377; x_wconf 86' lang='lat' dir='ltr'>me</span> <span class='ocrx_word' id='word_1_169' title='bbox 690 1341 740 1378; x_wconf 89' lang='lat' dir='ltr'>de</span> <span class='ocrx_word' id='word_1_170' title='bbox 763 1340 872 1377; x_wconf 83' lang='lat' dir='ltr'>Bruti</span> <span class='ocrx_word' id='word_1_171' title='bbox 903 1341 1076 1378; x_wconf 70' lang='lat' dir='ltr'>adventu</span> <span class='ocrx_word' id='word_1_172' title='bbox 1105 1340 1201 1389; x_wconf 84' lang='lat' dir='ltr'>quid</span> <span class='ocrx_word' id='word_1_173' title='bbox 1232 1348 1444 1389; x_wconf 75' lang='lat' dir='ltr'>exspectes,</span> <span class='ocrx_word' id='word_1_174' title='bbox 1468 1340 1508 1378; x_wconf 88' lang='lat' dir='ltr'>id</span> 
     </span>
     <span class='ocr_line' id='line_1_20' title="bbox 176 1405 1507 1454; baseline 0.001 -12"><span class='ocrx_word' id='word_1_175' title='bbox 176 1413 234 1442; x_wconf 84' lang='lat' dir='ltr'>est</span> <span class='ocrx_word' id='word_1_176' title='bbox 255 1419 354 1454; x_wconf 83' lang='lat' dir='ltr'>quos</span> <span class='ocrx_word' id='word_1_177' title='bbox 374 1407 425 1443; x_wconf 83' lang='lat' dir='ltr'>ad</span> <span class='ocrx_word' id='word_1_178' title='bbox 447 1405 541 1443; x_wconf 88' lang='lat' dir='ltr'>dies.</span> <span class='ocrx_word' id='word_1_179' title='bbox 604 1406 661 1451; x_wconf 89' lang='lat' dir='ltr'>Id,</span> <span class='ocrx_word' id='word_1_180' title='bbox 686 1405 717 1443; x_wconf 93' lang='lat' dir='ltr'>si</span> <span class='ocrx_word' id='word_1_181' title='bbox 738 1405 836 1443; x_wconf 86' lang='lat' dir='ltr'>scies</span> <span class='ocrx_word' id='word_1_182' title='bbox 858 1405 926 1443; x_wconf 90' lang='lat' dir='ltr'>ubi</span> <span class='ocrx_word' id='word_1_183' title='bbox 954 1405 1030 1443; x_wconf 78' lang='lat' dir='ltr'>iam</span> <span class='ocrx_word' id='word_1_184' title='bbox 1059 1405 1118 1451; x_wconf 88' lang='lat' dir='ltr'>sit,</span> <span class='ocrx_word' id='word_1_185' title='bbox 1144 1405 1255 1443; x_wconf 77' lang='lat' dir='ltr'>facile</span> <span class='ocrx_word' id='word_1_186' title='bbox 1282 1405 1507 1443; x_wconf 86' lang='lat' dir='ltr'>coniectura</span> 
     </span>
     <span class='ocr_line' id='line_1_21' title="bbox 117 1471 403 1519; baseline 0.007 -14"><span class='ocrx_word' id='word_1_187' title='bbox 117 1483 157 1505; x_wconf 89' lang='lat'>20</span> <span class='ocrx_word' id='word_1_188' title='bbox 175 1471 403 1519; x_wconf 80' lang='lat' dir='ltr'>adsequere.</span> 
     </span>
    </p>

    <p class='ocr_par' dir='ltr' id='par_1_3' title="bbox 175 1535 1551 1781">
     <span class='ocr_line' id='line_1_22' title="bbox 230 1535 1551 1586; baseline 0.002 -15"><span class='ocrx_word' id='word_1_189' title='bbox 230 1535 351 1582; x_wconf 85' lang='lat' dir='ltr'>Quod</span> <span class='ocrx_word' id='word_1_190' title='bbox 385 1536 436 1572; x_wconf 83' lang='lat' dir='ltr'>ad</span> <span class='ocrx_word' id='word_1_191' title='bbox 468 1535 656 1573; x_wconf 87' lang='lat' dir='ltr'>Tironem</span> <span class='ocrx_word' id='word_1_192' title='bbox 692 1536 741 1573; x_wconf 90' lang='lat' dir='ltr'>de</span> <span class='ocrx_word' id='word_1_193' title='bbox 773 1535 957 1573; x_wconf 86' lang='lat' dir='ltr'>Terentia</span> <span class='ocrx_word' id='word_1_194' title='bbox 993 1535 1141 1581; x_wconf 85' lang='lat' dir='ltr'>scribis,</span> <span class='ocrx_word' id='word_1_195' title='bbox 1171 1537 1336 1574; x_wconf 86' lang='lat' dir='ltr'>obsecro</span> <span class='ocrx_word' id='word_1_196' title='bbox 1371 1544 1419 1583; x_wconf 85' lang='lat' dir='ltr'>te,</span> <span class='ocrx_word' id='word_1_197' title='bbox 1453 1536 1502 1574; x_wconf 85' lang='lat' dir='ltr'>mi</span> <span class='ocrx_word' id='word_1_198' title='bbox 1523 1547 1551 1586; x_wconf 89' lang='lat'>4</span> 
     </span>
     <span class='ocr_line' id='line_1_23' title="bbox 175 1599 1505 1651; baseline 0.002 -15"><span class='ocrx_word' id='word_1_199' title='bbox 175 1599 315 1645; x_wconf 84' lang='lat' dir='ltr'>Attice,</span> <span class='ocrx_word' id='word_1_200' title='bbox 350 1599 505 1649; x_wconf 88' lang='lat' dir='ltr'>suscipe</span> <span class='ocrx_word' id='word_1_201' title='bbox 544 1608 669 1638; x_wconf 86' lang='lat' dir='ltr'>totum</span> <span class='ocrx_word' id='word_1_202' title='bbox 710 1601 922 1650; x_wconf 80' lang='lat' dir='ltr'>negotium.</span> <span class='ocrx_word' id='word_1_203' title='bbox 994 1601 1118 1639; x_wconf 78' lang='lat' dir='ltr'>Vides</span> <span class='ocrx_word' id='word_1_204' title='bbox 1156 1609 1194 1638; x_wconf 89' lang='lat' dir='ltr'>et</span> <span class='ocrx_word' id='word_1_205' title='bbox 1234 1601 1405 1639; x_wconf 82' lang='lat' dir='ltr'>officium</span> <span class='ocrx_word' id='word_1_206' title='bbox 1444 1602 1505 1651; x_wconf 77' lang='lat' dir='ltr'>agi</span> 
     </span>
     <span class='ocr_line' id='line_1_24' title="bbox 175 1665 1503 1716; baseline 0.002 -15"><span class='ocrx_word' id='word_1_207' title='bbox 175 1678 306 1702; x_wconf 89' lang='lat' dir='ltr'>meum</span> <span class='ocrx_word' id='word_1_208' title='bbox 329 1666 533 1714; x_wconf 82' lang='lat' dir='ltr'>quoddam</span> <span class='ocrx_word' id='word_1_209' title='bbox 561 1665 623 1703; x_wconf 90' lang='lat' dir='ltr'>cui</span> <span class='ocrx_word' id='word_1_210' title='bbox 645 1673 685 1703; x_wconf 87' lang='lat' dir='ltr'>tu</span> <span class='ocrx_word' id='word_1_211' title='bbox 707 1680 748 1704; x_wconf 89' lang='lat' dir='ltr'>es</span> <span class='ocrx_word' id='word_1_212' title='bbox 774 1666 955 1704; x_wconf 87' lang='lat' dir='ltr'>conscius</span> <span class='ocrx_word' id='word_1_213' title='bbox 979 1674 1027 1712; x_wconf 83' lang='lat' dir='ltr'>et,</span> <span class='ocrx_word' id='word_1_214' title='bbox 1052 1674 1094 1704; x_wconf 89' lang='lat' dir='ltr'>ut</span> <span class='ocrx_word' id='word_1_215' title='bbox 1123 1680 1203 1704; x_wconf 91' lang='lat' dir='ltr'>non</span> <span class='ocrx_word' id='word_1_216' title='bbox 1231 1666 1327 1703; x_wconf 90' lang='lat' dir='ltr'>nulli</span> <span class='ocrx_word' id='word_1_217' title='bbox 1354 1674 1503 1716; x_wconf 87' lang='lat' dir='ltr'>putant,</span> 
     </span>
     <span class='ocr_line' id='line_1_25' title="bbox 175 1729 1505 1781; baseline 0.001 -13"><span class='ocrx_word' id='word_1_218' title='bbox 175 1729 378 1768; x_wconf 87' lang='lat' dir='ltr'>Ciceronis</span> <span class='ocrx_word' id='word_1_219' title='bbox 408 1744 499 1767; x_wconf 86' lang='lat' dir='ltr'>rem.</span> <span class='ocrx_word' id='word_1_220' title='bbox 563 1732 631 1768; x_wconf 87' lang='lat' dir='ltr'>Me</span> <span class='ocrx_word' id='word_1_221' title='bbox 661 1730 822 1780; x_wconf 84' lang='lat' dir='ltr'>quidem</span> <span class='ocrx_word' id='word_1_222' title='bbox 855 1731 895 1769; x_wconf 93' lang='lat' dir='ltr'>id</span> <span class='ocrx_word' id='word_1_223' title='bbox 926 1733 1051 1769; x_wconf 87' lang='lat' dir='ltr'>multo</span> <span class='ocrx_word' id='word_1_224' title='bbox 1082 1731 1204 1781; x_wconf 77' lang='lat' dir='ltr'>magis</span> <span class='ocrx_word' id='word_1_225' title='bbox 1236 1740 1367 1769; x_wconf 87' lang='lat' dir='ltr'>movet</span> <span class='ocrx_word' id='word_1_226' title='bbox 1397 1733 1505 1781; x_wconf 85' lang='lat' dir='ltr'>quod</span> 
     </span>
    </p>

    <p class='ocr_par' dir='ltr' id='par_1_4' title="bbox 116 1794 1503 1911">
     <span class='ocr_line' id='line_1_26' title="bbox 116 1794 1503 1846; baseline 0.002 -14"><span class='ocrx_word' id='word_1_227' title='bbox 116 1807 152 1838; x_wconf 84' lang='lat'>25</span> <span class='ocrx_word' id='word_1_228' title='bbox 175 1794 270 1832; x_wconf 89' lang='lat' dir='ltr'>mihi</span> <span class='ocrx_word' id='word_1_229' title='bbox 287 1802 344 1833; x_wconf 85' lang='lat' dir='ltr'>est</span> <span class='ocrx_word' id='word_1_230' title='bbox 361 1802 398 1833; x_wconf 93' lang='lat' dir='ltr'>et</span> <span class='ocrx_word' id='word_1_231' title='bbox 416 1795 587 1833; x_wconf 83' lang='lat' dir='ltr'>sanctius</span> <span class='ocrx_word' id='word_1_232' title='bbox 604 1803 641 1833; x_wconf 87' lang='lat' dir='ltr'>et</span> <span class='ocrx_word' id='word_1_233' title='bbox 657 1796 868 1846; x_wconf 79' lang='lat' dir='ltr'>antiquius,</span> <span class='ocrx_word' id='word_1_234' title='bbox 885 1797 1112 1846; x_wconf 86' lang='lat' dir='ltr'>praesertim</span> <span class='ocrx_word' id='word_1_235' title='bbox 1131 1811 1220 1835; x_wconf 90' lang='lat' dir='ltr'>cum</span> <span class='ocrx_word' id='word_1_236' title='bbox 1243 1798 1319 1835; x_wconf 90' lang='lat' dir='ltr'>hoc</span> <span class='ocrx_word' id='word_1_237' title='bbox 1338 1799 1503 1836; x_wconf 87' lang='lat' dir='ltr'>alterum</span> 
     </span>
     <span class='ocr_line' id='line_1_27' title="bbox 174 1859 1117 1911; baseline 0.003 -14"><span class='ocrx_word' id='word_1_238' title='bbox 174 1874 302 1910; x_wconf 87' lang='lat' dir='ltr'>neque</span> <span class='ocrx_word' id='word_1_239' title='bbox 323 1859 518 1898; x_wconf 89' lang='lat' dir='ltr'>sincerum</span> <span class='ocrx_word' id='word_1_240' title='bbox 540 1874 669 1910; x_wconf 84' lang='lat' dir='ltr'>neque</span> <span class='ocrx_word' id='word_1_241' title='bbox 690 1862 845 1899; x_wconf 88' lang='lat' dir='ltr'>firmum</span> <span class='ocrx_word' id='word_1_242' title='bbox 867 1870 1003 1911; x_wconf 88' lang='lat' dir='ltr'>putem</span> <span class='ocrx_word' id='word_1_243' title='bbox 1025 1864 1117 1900; x_wconf 87' lang='lat' dir='ltr'>fore.</span> 
     </span>
    </p>
   </div>
   <div class='ocr_carea' id='block_1_3' title="bbox 214 2007 1164 2055">
    <p class='ocr_par' dir='ltr' id='par_1_5' title="bbox 214 2007 1164 2055">
     <span class='ocr_line' id='line_1_28' title="bbox 214 2007 1164 2055; baseline 0.004 -14"><span class='ocrx_word' id='word_1_244' title='bbox 214 2007 300 2041; x_wconf 89' lang='lat' dir='ltr'>XX</span> <span class='ocrx_word' id='word_1_245' title='bbox 508 2011 578 2042; x_wconf 65' lang='grc' dir='ltr'>δυ’.</span> <span class='ocrx_word' id='word_1_246' title='bbox 600 2011 747 2043; x_wconf 75' lang='lat' dir='ltr'>Asturae</span> <span class='ocrx_word' id='word_1_247' title='bbox 763 2011 812 2043; x_wconf 78' lang='lat' dir='ltr'>Id.</span> <span class='ocrx_word' id='word_1_248' title='bbox 832 2012 932 2045; x_wconf 67' lang='lat' dir='ltr'>Mari.</span> <span class='ocrx_word' id='word_1_249' title='bbox 953 2025 982 2045; x_wconf 82' lang='lat' dir='ltr'>a.</span> <span class='ocrx_word' id='word_1_250' title='bbox 1004 2024 1062 2053; x_wconf 73' lang='lat'>709</span> <span class='ocrx_word' id='word_1_251' title='bbox 1082 2014 1164 2055; x_wconf 69' lang='lat'>(45).</span> 
     </span>
    </p>
   </div>
   <div class='ocr_carea' id='block_1_4' title="bbox 571 2101 1091 2135">
    <p class='ocr_par' dir='ltr' id='par_1_6' title="bbox 571 2101 1091 2135">
     <span class='ocr_line' id='line_1_29' title="bbox 571 2101 1091 2135; baseline 0.006 -4"><span class='ocrx_word' id='word_1_252' title='bbox 571 2101 741 2132; x_wconf 83' lang='lat' dir='ltr'><em>CICERO</em></span> <span class='ocrx_word' id='word_1_253' title='bbox 771 2102 955 2134; x_wconf 82' lang='lat' dir='ltr'><em>ATTICO</em></span> <span class='ocrx_word' id='word_1_254' title='bbox 986 2104 1091 2135; x_wconf 79' lang='lat' dir='ltr'>SAL.</span> 
     </span>
    </p>
   </div>
   <div class='ocr_carea' id='block_1_5' title="bbox 112 2189 1536 2308">
    <p class='ocr_par' dir='ltr' id='par_1_7' title="bbox 112 2189 1536 2308">
     <span class='ocr_line' id='line_1_30' title="bbox 224 2189 1536 2241; baseline 0.003 -15"><span class='ocrx_word' id='word_1_255' title='bbox 224 2190 415 2227; x_wconf 89' lang='lat' dir='ltr'>Nondum</span> <span class='ocrx_word' id='word_1_256' title='bbox 437 2189 579 2227; x_wconf 87' lang='lat' dir='ltr'>videris</span> <span class='ocrx_word' id='word_1_257' title='bbox 600 2190 820 2240; x_wconf 88' lang='lat' dir='ltr'>perspicere</span> <span class='ocrx_word' id='word_1_258' title='bbox 841 2206 959 2241; x_wconf 84' lang='lat' dir='ltr'>quam</span> <span class='ocrx_word' id='word_1_259' title='bbox 988 2208 1051 2232; x_wconf 87' lang='lat' dir='ltr'>me</span> <span class='ocrx_word' id='word_1_260' title='bbox 1076 2208 1149 2232; x_wconf 91' lang='lat' dir='ltr'>nec</span> <span class='ocrx_word' id='word_1_261' title='bbox 1170 2192 1369 2232; x_wconf 85' lang='lat' dir='ltr'>Antonius</span> <span class='ocrx_word' id='word_1_262' title='bbox 1395 2207 1499 2232; x_wconf 88' lang='lat' dir='ltr'>com-</span> <span class='ocrx_word' id='word_1_263' title='bbox 1520 2203 1536 2230; x_wconf 91' lang='lat'>1</span> 
     </span>
     <span class='ocr_line' id='line_1_31' title="bbox 112 2254 1496 2308; baseline 0.004 -17"><span class='ocrx_word' id='word_1_264' title='bbox 112 2270 152 2300; x_wconf 82' lang='lat'>30</span> <span class='ocrx_word' id='word_1_265' title='bbox 171 2254 334 2292; x_wconf 87' lang='lat' dir='ltr'>moverit</span> <span class='ocrx_word' id='word_1_266' title='bbox 365 2268 439 2292; x_wconf 88' lang='lat' dir='ltr'>nec</span> <span class='ocrx_word' id='word_1_267' title='bbox 469 2254 681 2304; x_wconf 80' lang='lat' dir='ltr'>quicquam</span> <span class='ocrx_word' id='word_1_268' title='bbox 713 2255 790 2293; x_wconf 83' lang='lat' dir='ltr'>iam</span> <span class='ocrx_word' id='word_1_269' title='bbox 821 2257 903 2295; x_wconf 88' lang='lat' dir='ltr'>eius</span> <span class='ocrx_word' id='word_1_270' title='bbox 935 2259 1043 2297; x_wconf 89' lang='lat' dir='ltr'>modi</span> <span class='ocrx_word' id='word_1_271' title='bbox 1078 2259 1201 2308; x_wconf 90' lang='lat' dir='ltr'>possit</span> <span class='ocrx_word' id='word_1_272' title='bbox 1234 2273 1496 2298; x_wconf 84' lang='lat' dir='ltr'>commovere.</span> 
     </span>
    </p>
   </div>
   <div class='ocr_carea' id='block_1_6' title="bbox 168 2358 1499 2480">
    <p class='ocr_par' dir='ltr' id='par_1_8' title="bbox 168 2358 1499 2480">
     <span class='ocr_line' id='line_1_32' title="bbox 214 2358 1497 2402; baseline 0.005 -15"><span class='ocrx_word' id='word_1_273' title='bbox 214 2368 252 2388; x_wconf 94' lang='lat'>10</span> <span class='ocrx_word' id='word_1_274' title='bbox 279 2359 328 2388; x_wconf 85' lang='lat' dir='ltr'>De</span> <span class='ocrx_word' id='word_1_275' title='bbox 346 2368 473 2397; x_wconf 88' lang='lat' dir='ltr'>sponsu</span> <span class='ocrx_word' id='word_1_276' title='bbox 492 2358 636 2390; x_wconf 77' lang='lat' dir='ltr'>Rosius:</span> <span class='ocrx_word' id='word_1_277' title='bbox 661 2369 863 2399; x_wconf 89' lang='lat' dir='ltr'>responsum</span> <span class='ocrx_word' id='word_1_278' title='bbox 881 2361 940 2393; x_wconf 93' lang='lat' dir='ltr'>M:</span> <span class='ocrx_word' id='word_1_279' title='bbox 967 2363 1018 2393; x_wconf 87' lang='lat' dir='ltr'>De</span> <span class='ocrx_word' id='word_1_280' title='bbox 1035 2365 1223 2402; x_wconf 89' lang='lat' dir='ltr'>sponsione</span> <span class='ocrx_word' id='word_1_281' title='bbox 1241 2364 1393 2394; x_wconf 73' lang='lat' dir='ltr'>Schmidt</span> <span class='ocrx_word' id='word_1_282' title='bbox 1463 2368 1497 2393; x_wconf 87' lang='lat' dir='ltr'>et</span> 
     </span>
     <span class='ocr_line' id='line_1_33' title="bbox 168 2401 1499 2446; baseline 0.004 -15"><span class='ocrx_word' id='word_1_283' title='bbox 168 2401 296 2442; x_wconf 83' lang='lat' dir='ltr'>tamen]</span> <span class='ocrx_word' id='word_1_284' title='bbox 315 2401 413 2431; x_wconf 80' lang='lat' dir='ltr'>etiam</span> <span class='ocrx_word' id='word_1_285' title='bbox 430 2401 584 2432; x_wconf 66' lang='lat' dir='ltr'>Schmidt</span> <span class='ocrx_word' id='word_1_286' title='bbox 675 2414 711 2443; x_wconf 83' lang='lat'>13</span> <span class='ocrx_word' id='word_1_287' title='bbox 739 2404 862 2437; x_wconf 86' lang='lat' dir='ltr'>Balbus</span> <span class='ocrx_word' id='word_1_288' title='bbox 881 2417 1015 2445; x_wconf 85' lang='lat' dir='ltr'>quoque</span> <span class='ocrx_word' id='word_1_289' title='bbox 1036 2407 1122 2438; x_wconf 75' lang='lat' dir='ltr'>Crat.</span> <span class='ocrx_word' id='word_1_290' title='bbox 1144 2420 1150 2438; x_wconf 90' lang='lat'>:</span> <span class='ocrx_word' id='word_1_291' title='bbox 1175 2418 1308 2446; x_wconf 89' lang='lat' dir='ltr'>quoque</span> <span class='ocrx_word' id='word_1_292' title='bbox 1323 2406 1499 2437; x_wconf 76' lang='lat' dir='ltr'>BalbusM</span> 
     </span>
     <span class='ocr_line' id='line_1_34' title="bbox 211 2451 1407 2480; baseline 0.004 -5"><span class='ocrx_word' id='word_1_293' title='bbox 211 2455 271 2476; x_wconf 77' lang='lat' dir='ltr'>cxc.</span> <span class='ocrx_word' id='word_1_294' title='bbox 292 2455 338 2475; x_wconf 71' lang='lat' dir='ltr'>AD</span> <span class='ocrx_word' id='word_1_295' title='bbox 355 2455 427 2476; x_wconf 80' lang='lat' dir='ltr'>ATT.</span> <span class='ocrx_word' id='word_1_296' title='bbox 1367 2451 1407 2480; x_wconf 72' lang='lat'>27</span> 
     </span>
    </p>
   </div>
  </div>
 </body>
</html>
