1742 2651
574 139 687 176 EPP.
719 138 796 174 AD
827 136 1086 173 ATTICVM
1403 134 1474 170 XI.
1498 143 1591 168 xxv

217 254 334 291 Illum
365 250 591 291 discessisse
612 248 850 288 Alexandria
879 261 1010 285 rumor
1031 254 1088 285 est
1118 260 1199 284 non
1221 247 1354 283 firmus
1385 252 1490 284 ortus
1510 254 1534 281 2

160 330 207 355 ex
229 316 376 367 Sulpici
405 315 540 354 litteris
556 330 566 363 3
595 328 692 365 quas
719 313 851 352 cuncti
879 320 1016 363 postea
1043 311 1169 349 nuntii
1197 312 1488 349 confirmarunt.

162 383 284 430 Quod
323 395 457 420 verum
489 395 539 419 an
571 382 711 418 falsum
746 378 805 426 sit,
839 377 1027 428 quoniam
1063 390 1151 414 mea
1182 375 1279 413 nihil
1318 375 1492 422 interest,

161 455 291 486 utrum
314 446 446 484 malim
467 445 612 484 nescio.

123 523 142 555 5
217 513 338 560 Quod
359 513 409 549 ad
430 519 467 550 te
489 511 565 549 iarn
587 509 739 561 pridem
761 510 810 548 de
832 514 1067 547 testamento
1095 506 1244 556 scripsi,
1265 506 1370 556 apud
1392 504 1493 554 †epi-
1513 508 1536 545 3

162 579 282 614 stillas
313 576 429 614 velim
462 584 503 614 ut
532 575 680 625 possim
710 576 929 612 adversas.†
988 575 1072 622 Ego
1107 571 1223 609 huius
1255 570 1494 609 miserrimae

163 643 393 681 †facultate†
411 642 613 679 confectus
630 639 844 678 conflictor.
886 637 995 676 Nihil
1010 651 1199 687 umquam
1217 636 1341 674 simile
1357 644 1493 674 natum

164 714 271 756 puto.
332 705 438 754 Quoi
460 705 491 743 si
512 718 590 754 qua
614 718 653 742 re
678 705 883 742 consulere
903 702 1053 752 aliquid
1080 715 1255 752 possum,
1276 701 1393 751 cupio
1413 715 1436 738 a
1456 708 1494 739 te

165 770 380 809 admoneri.
440 769 570 808 Video
597 770 764 807 eandem
790 782 874 806 esse
899 767 1169 805 difficultatem
1191 780 1310 816 quarn
1338 766 1377 804 in
1405 780 1496 804 con-

108 847 147 871 10
167 835 253 873 silio
288 836 421 873 dando
455 842 558 872 ante.
617 836 770 872 Tamen
806 835 882 872 hoc
915 846 977 870 me
1008 832 1129 882 magis
1160 831 1342 870 sollicitat
1375 845 1494 881 quam

166 900 308 938 omnia.
371 901 418 937 In
439 899 629 950 pensione
651 899 825 937 secunda
845 897 951 936 caeci
973 897 1128 935 fuimus.
1172 896 1292 934 Aliud
1314 898 1497 943 mallem3

165 966 235 1002 sed
264 965 470 1015 praeteriit.
529 967 588 1003 Te
623 978 703 1011 oro,
733 972 775 1002 ut
805 963 844 1001 in
874 962 1034 1013 perditis
1065 963 1180 1000 rebus
1211 961 1241 1000 si
1271 961 1367 1011 quid
1397 961 1495 1011 cogi,

164 1029 307 1068 confici
329 1037 457 1079 potest
479 1031 586 1079 quod
615 1029 663 1067 sit
684 1029 723 1066 in
751 1036 847 1073 tuto,
871 1042 917 1066 ex
936 1035 1097 1077 argento
1124 1034 1242 1076 atque
1263 1026 1354 1064 satis
1376 1028 1499 1064 multa

165 1109 211 1133 ex
231 1095 483 1145 supellectile,
507 1096 576 1133 des
598 1108 769 1144 operam.
831 1095 914 1131 Iam
937 1092 1043 1130 enim
1065 1091 1161 1129 mihi
1182 1091 1333 1129 videtur
1359 1093 1497 1130 adesse

128 1175 143 1204 5
165 1168 383 1198 extremum
422 1174 496 1198 nec
530 1161 608 1197 ulla
640 1161 721 1198 fore
753 1157 937 1197 condicio
970 1156 1076 1207 pacis
1109 1170 1233 1206 eaque
1273 1170 1373 1206 quae
1407 1164 1498 1194 sunt

166 1225 281 1263 etiam
313 1225 397 1263 sine
426 1225 648 1264 adversario
677 1223 856 1274 peritura.
921 1224 1034 1260 Haec
1067 1221 1195 1268 etiam,
1229 1221 1259 1259 si
1289 1221 1496 1269 videbitur,

166 1305 257 1329 cum
278 1290 464 1329 Terentia
484 1292 644 1340 loquere
661 1296 893 1340 opportune.
938 1289 1030 1326 Non
1048 1300 1151 1337 queo
1167 1286 1300 1325 omnia
1316 1286 1494 1325 scribere.

166 1358 275 1394 Vale.
337 1368 382 1393 111
406 1357 509 1394 Non.
534 1354 699 1404 Quintil.

211 1470 230 1497 4
258 1459 373 1489 nescio
397 1462 481 1488 welfi:
507 1458 575 1488 scio
605 1457 693 1488 codd.
797 1466 816 1495 5
841 1457 930 1496 apud
958 1454 1109 1486 εὕπιστόν
1136 1455 1208 1492 (lzoc
1229 1466 1266 1485 ex
1289 1456 1402 1492 Bosz'o‘)
1428 1468 1498 1486 τινα

168 1503 266 1533 velim
293 1508 327 1532 ut
352 1502 458 1541 possit
482 1501 653 1532 adservari
677 1501 753 1531 coni.
771 1500 865 1533 Boot.
887 1501 952 1530 coll.
975 1510 1026 1538 24.
1049 1510 1089 1529 2:
1121 1500 1211 1538 apud
1228 1500 1384 1530 Vestales
1400 1499 1499 1530 velim

169 1547 355 1585 depositum
381 1545 551 1575 adservari
569 1544 785 1584 Slmckburglz
812 1545 878 1574 coll.
899 1543 984 1574 Strct‘.
1001 1543 1094 1583 Aug.
1112 1553 1169 1573 101
1187 1555 1193 1572 :
1225 1544 1313 1582 apud
1337 1543 1499 1583 ἐπισφαλῆ

171 1593 225 1622 (ss.
248 1590 337 1619 cuius
359 1588 455 1618 lmud
473 1593 562 1617 extra
580 1589 761 1627 periculmn
787 1587 886 1617 liuius
910 1587 1130 1626 bellisorimm
1147 1590 1192 1616 est
1206 1597 1257 1624 24.
1276 1597 1288 1616 1
1303 1596 1307 1616 ἢ
1325 1597 1446 1617 vereor
1463 1591 1499 1616 ut

170 1634 280 1673 possit
302 1632 470 1662 adservari
487 1632 564 1662 coni.
587 1631 706 1670 Tyrrell
811 1641 826 1669 7
846 1631 996 1660 fatuitate
1014 1630 1134 1662 Rom.:
1161 1630 1356 1660 infelicitate
1377 1630 1499 1660 Orelli:

169 1677 326 1707 facilitate
345 1675 448 1705 Reid:
475 1675 634 1705 facultate
652 1675 805 1704 confecta
822 1674 975 1704 Schmidt
1131 1684 1164 1704 11
1191 1674 1281 1704 aliud
1299 1674 1478 1704 Ascensius
1494 1685 1500 1703 :

169 1721 268 1750 aliurn
288 1719 355 1750 CM
528 1728 566 1756 13
590 1723 690 1756 atque
706 1718 850 1748 Sclziilz:
877 1723 976 1757 teque
996 1717 1056 1747 M:
1081 1728 1192 1755 neque
1213 1717 1286 1748 Vz'ct.
1461 1727 1498 1755 17

171 1765 308 1802 loquere
325 1762 523 1792 Asccnsz'us:
559 1763 697 1800 loquere
725 1766 759 1791 tu
786 1762 829 1790 ita
851 1761 889 1790 Μ
915 1766 949 1790 ld
973 1765 1109 1791 lcslm‘m·
1127 1760 1285 1800 Schmidt,
1307 1761 1440 1801 qm'pro
1463 1765 1499 1791 tu

171 1807 279 1837 conicit
297 1806 424 1836 utinam
442 1816 448 1835 :
473 1805 669 1844 loqueretur
685 1802 726 1834 M
740 1807 831 1845 (teste
845 1804 991 1844 Baitero)

219 2481 281 2503 cxc.
301 2481 348 2502 Ar)
364 2480 437 2502 ATT.
1372 2465 1416 2498 26
