1742 2651
137 654 154 685 5

115 980 153 1001 10

110 1630 149 1651 20

108 1955 146 1985 25

580 136 692 172 ΕΡΡ.
725 136 802 171 AD
833 134 1093 172 ATTICVM
1432 135 1527 171 XII.
1547 133 1638 170 xxii

175 245 272 294 quid
312 259 370 283 res
406 259 493 283 mea
521 244 718 282 familiaris
749 246 920 294 postulet
950 257 1069 294 quam
1099 256 1173 293 ego
1202 256 1283 282 non
1313 257 1407 282 curo
1434 245 1504 282 sed

175 310 271 360 quid
298 310 414 349 velim
443 318 480 348 et
509 324 578 348 eur
604 310 721 348 velim
748 310 936 348 existima.

217 458 377 493 XXIII
490 460 559 492 δον.
582 461 731 491 Asturae
747 462 802 492 ‚riv
817 461 859 492 K.
881 462 966 501 Apr.
987 472 1017 492 a.
1039 471 1098 502 709
1117 460 1201 503 (45).

577 550 747 580 CICERO
778 550 966 581 ATTICO
997 549 1106 582 SAL.

231 641 413 677 Putaram
442 647 479 677 te
506 639 654 689 aliquid
682 639 787 683 novi,
809 640 916 688 quod
945 639 1028 677 eius
1059 638 1167 677 modi
1198 640 1321 676 fuerat
1349 638 1503 677 initium
1526 650 1544 677 1

174 704 398 751 litterarum,
426 704 624 754 ‘quamvis
652 718 732 742 non
760 718 934 742 curarem
964 704 1059 753 quid
1088 704 1126 741 in
1151 704 1345 753 Hispania
1373 705 1505 747 fieret,'

174 777 306 807 tamen
329 777 365 806 te
392 769 650 818 scripturum3
680 770 749 807 sed
770 769 952 807 videlicet
981 769 1077 806 ineis
1106 768 1240 806 litteris
1269 768 1504 818 respondisti

173 843 215 872 ut
235 836 285 872 de
308 836 391 872 foro
412 843 449 872 et
471 836 520 872 de
542 834 657 872 curia.
704 835 781 872 Sed
804 835 946 871 domus
968 842 1035 879 est,
1056 841 1097 871 ut
1118 833 1188 880 ais,
1210 834 1348 871 forum.
1395 833 1503 881 Quid

173 899 256 948 ipsa
277 900 397 937 domo
420 899 515 936 mihi
542 912 640 948 opus
665 907 723 936 est
750 899 897 936 carenti
922 900 1036 936 foro?
1094 898 1336 945 Occidinius,
1361 899 1504 937 occidi-

173 977 270 1009 mus,
302 964 442 1010 Attice,
475 964 552 1001 iam
585 964 736 1014 pridem
770 978 841 1001 nos
874 964 1047 1013 quidem,
1081 965 1149 1001 sed
1185 977 1291 1001 nunc
1323 965 1499 1010 fatemur,

173 1037 309 1078 postea
330 1042 448 1078 quain
471 1042 594 1065 unum
616 1042 695 1078 quo
717 1029 950 1066 tenebamur
973 1028 1187 1065 amisimus.
1250 1030 1389 1078 Itaque
1416 1029 1503 1066 soli-

172 1093 349 1130 tudinem
367 1107 510 1142 sequor
526 1102 563 1131 et
580 1102 722 1140 tamen,
739 1093 769 1131 si
787 1108 864 1143 qua
882 1108 944 1131 me
966 1107 1024 1132 res
1042 1094 1116 1131 isto
1132 1094 1348 1139 adduxerit,
1365 1094 1498 1140 enitar,

171 1157 201 1194 si
223 1171 302 1206 quo
325 1159 445 1195 modo
467 1166 603 1207 potero
626 1158 779 1209 (potero
806 1158 971 1207 autem),
993 1166 1033 1195 ut
1062 1166 1212 1207 praeter
1237 1166 1274 1195 te
1296 1172 1413 1196 nemo
1434 1161 1502 1196 do—

171 1223 292 1259 lorem
324 1236 457 1260 meum
487 1223 638 1268 sentiat,
669 1223 699 1260 si
730 1225 810 1261 ullo
842 1224 963 1261 niodo
994 1222 1146 1272 poterit,
1174 1236 1223 1260 ne
1254 1230 1293 1260 tu
1325 1223 1499 1272 quidem.

171 1290 303 1337 Atque
330 1288 446 1326 etiam
476 1288 540 1325 illa
567 1302 684 1326 causa
714 1297 771 1327 est
800 1303 879 1326 non
901 1288 1097 1326 veniendi.
1159 1288 1376 1326 Meministi
1404 1289 1499 1338 quid

170 1367 216 1390 ex
251 1361 287 1391 te
320 1353 484 1391 Aledius
519 1353 737 1402 quaesierit.
799 1353 879 1402 Qui
914 1353 1031 1392 etiam
1067 1367 1173 1391 nunc
1209 1353 1362 1391 molesti
1395 1362 1497 1401 sunt,

168 1418 264 1468 quid
295 1418 503 1465 existimas,
527 1419 557 1456 si
586 1421 758 1457 venero?

224 1485 285 1521 De
306 1484 491 1522 Terentia
518 1484 570 1522 ita
598 1498 690 1522 cura
717 1492 758 1522 ut
785 1484 921 1522 scribis
952 1498 1094 1534 meque
1125 1486 1198 1522 hac
1227 1486 1278 1523 ad
1309 1485 1497 1523 maximas
1518 1496 1542 1523 2

167 1549 430 1598 aegritudines
464 1549 690 1588 accessione
725 1564 806 1588 non
842 1550 1010 1588 maxima
1045 1550 1177 1588 libera.
1238 1552 1287 1588 Et
1323 1558 1364 1588 ut
1399 1551 1497 1588 scias

169 1627 231 1651 nie
252 1614 304 1651 ita
331 1616 464 1652 dolere
489 1623 530 1652 ut
559 1629 637 1653 non
666 1615 828 1659 iaceam,
850 1615 994 1665 quibus
1022 1615 1250 1653 consulibus
1272 1617 1498 1654 Carneades

167 1686 205 1716 et
237 1693 282 1716 ea
317 1679 457 1729 legatio
484 1681 654 1717 Romam
684 1680 832 1718 venerit
868 1680 1056 1729 scriptum
1088 1688 1145 1717 est
1178 1679 1217 1716 in
1250 1688 1318 1717 tuo
1351 1680 1495 1718 annali.

169 1745 281 1782 Haec
314 1758 419 1782 nunc
454 1758 600 1793 quaero
631 1758 731 1794 quae
766 1759 883 1784 causa
923 1745 1035 1783 fuerit
1067 1744 1134 1794 (de
1164 1746 1311 1794 Oropo,
1344 1745 1494 1795 opinor,

167 1810 236 1847 sed
257 1818 406 1846 certum
432 1809 582 1859 nescio)
604 1818 653 1856 et,
677 1810 706 1847 si
729 1810 781 1848 ita
802 1818 869 1856 est,
895 1823 996 1859 quae
1027 1809 1324 1847 controversiae.
1386 1812 1497 1847 Prae-

167 1881 280 1919 terea,
304 1874 371 1923 qui
401 1888 449 1912 eo
480 1882 656 1924 tempore
685 1875 827 1913 nobilis
858 1875 1075 1925 Epicureus
1107 1874 1220 1912 fuerit
1248 1874 1496 1924 Athenisque

167 1939 372 1988 praefuerit
390 1939 521 1985 hortis,
538 1939 605 1989 qui
621 1939 737 1977 etiarn
753 1940 919 1978 Athenis
940 1940 1124 1978 πολιτικοὶ
1144 1939 1286 1978 fuerint
1303 1940 1495 1978 inlustres.

167 2004 280 2051 Quae
301 2004 417 2042 etiam
439 2019 485 2042 ex
506 2005 738 2054 Apollodori
760 2014 856 2055 puto
877 2020 992 2056 posse
1013 2006 1187 2044 inveniri.

221 2070 282 2107 De
304 2069 435 2107 Attica
456 2070 677 2116 molestum,
702 2071 771 2109 sed
794 2071 982 2120 quoniam
1005 2071 1149 2117 leviter,
1174 2079 1278 2109 recte
1299 2084 1384 2109 esse
1404 2084 1495 2109 con-
1515 2079 1539 2117 3

209 2183 228 2202 2
253 2178 285 2203 et
313 2184 372 2203 cur
395 2174 492 2203 velim
517 2173 591 2203 add.
622 2173 707 2204 Crat.
736 2173 763 2203 L
791 2175 929 2214 (mm‘g.)
955 2186 982 2205 v.
1010 2187 1032 2205 c.
1060 2169 1125 2206 Zb:
1157 2186 1222 2206 om.
1252 2175 1338 2206 codd.
1474 2177 1495 2205 8

160 2217 256 2255 prius
273 2217 321 2252 ut]
341 2223 373 2247 et
392 2216 479 2247 Reid
581 2227 612 2246 11
641 2217 856 2248 solitudinem
877 2223 929 2248 ΣΔ
946 2230 953 2249 t
978 2219 1178 2249 solitudines
1195 2231 1223 2250 v.
1244 2231 1267 2250 c.
1286 2219 1401 2249 codices
1416 2219 1499 2249 Bosi

168 2259 267 2297 Crat„
288 2260 324 2299 cf.
348 2262 415 2291 xiii.
440 2263 486 2291 16.
512 2271 523 2290 1
645 2271 682 2299 13
707 2266 739 2290 te
758 2260 851 2291 Man.
870 2274 876 2292 :
901 2272 954 2291 ine
973 2262 1013 2291 M
1161 2274 1196 2300 14
1222 2264 1281 2293 nel
1299 2268 1333 2293 ut
1352 2273 1394 2292 ne
1411 2264 1490 2293 coni.

169 2301 358 2343 [Vescnberg
469 2314 506 2342 15
531 2304 601 2344 illa]
633 2305 696 2334 alia
724 2304 808 2334 Boot
930 2316 967 2343 19
993 2317 1059 2335 non
1077 2306 1134 2337 del.
1158 2307 1327 2337 Com-adas
1453 2316 1494 2344 24

165 2346 318 2383 Athenis,
331 2348 386 2386 qui
406 2348 586 2387 praefuerit
603 2348 693 2388 vulg.
816 2350 858 2378 26
882 2349 976 2387 Quae
994 2354 1026 2379 te
1044 2350 1144 2380 etiarn
1163 2361 1189 2381 v.
1208 2362 1231 2381 c.
1246 2350 1273 2379 L
1292 2350 1431 2390 tmaig.)
1450 2345 1494 2378 Zl»

166 2389 309 2420 inveniri
327 2392 404 2422 com‘.
426 2391 519 2421 Illum.
536 2403 542 2421 :
567 2391 720 2421 invenire
737 2391 824 2423 codd.
