1742 2651
615 129 727 165 EPP.
760 129 838 165 Al)
868 129 1127 167 ATTICVM
1363 131 1457 168 XII.
1477 130 1649 167 xxxviii
1670 143 1693 167 a

209 236 356 275 scilicet
386 237 552 287 emptori
582 237 682 285 loci3
717 238 775 276 sin
806 238 1010 283 venibunt,
1041 239 1137 289 quid
1168 240 1249 278 fieri
1283 240 1405 290 possit
1439 241 1542 279 vide-

210 302 349 341 bimus.
422 304 527 341 Nam
567 303 630 341 ille
670 305 779 341 locus
814 303 1068 342 Publicianus
1103 304 1170 354 qui
1205 313 1263 344 est
1295 306 1470 344 Treboni
1503 314 1541 345 et

209 367 347 407 Cusini
378 375 458 406 erat
487 369 538 407 ad
569 382 632 406 me
661 370 826 407 adlatus.
887 370 965 407 Sed
995 369 1070 407 scis
1101 383 1231 408 aream
1264 384 1359 409 esse.
1421 373 1543 410 Nullo

207 440 324 483 pacto
362 434 498 483 probo.
571 433 737 473 Clodiae
776 448 869 472 sane
907 435 1064 484 placent
1103 436 1171 473 sed
1205 449 1286 473 non
1325 443 1421 486 puto
1456 450 1541 475 6556

169 498 364 544 5venalis.
437 500 498 537 De
532 499 649 537 Drusi
682 499 814 546 hortis,
853 499 1031 549 quamvis
1069 501 1120 538 ab
1159 500 1204 538 iis
1242 502 1464 547 abhorreas,
1500 509 1542 540 ut

207 563 353 610 scribis,
378 571 510 602 tamen
532 578 579 602 eo
601 565 825 614 confugiam
843 565 916 602 nisi
938 565 1034 614 quid
1055 565 1259 604 inveneris.
1303 567 1540 606 Aedificatio

208 642 270 666 me
291 642 371 667 non
401 636 542 667 movet.
604 629 713 666 Nihil
741 630 846 667 enim
869 630 976 668 aliud
1006 630 1227 669 aedificabo
1258 631 1331 669 nisi
1361 632 1401 669 id
1432 634 1540 682 quod

207 693 324 731 etiam
354 693 385 731 si
412 693 498 731 illos
529 708 609 733 non
638 696 824 734 habuero.
887 700 1009 746 Κῦρος
1029 697 1068 744 δ’,
1092 697 1119 735 ε’
1139 697 1234 735 mihi
1256 697 1311 736 sic
1332 698 1478 748 placuit
1500 706 1541 737 ut

207 766 334 797 cetera
355 759 612 807 Antisthenis,
636 760 806 799 hominis
827 761 931 800 acuti
954 762 1075 812 magis
1098 776 1216 812 quam
1238 763 1391 802 eruditi.

150 981 188 1002 10
249 966 449 1002 XXXIX
517 971 586 1002 Ser.
606 971 754 1001 Asturae
770 973 827 1002 viii
842 972 891 1002 ld.
911 972 991 1003 Mai.
1012 984 1040 1003 α.
1066 983 1123 1012 709
1144 974 1224 1014 (45³³.

613 1060 784 1091 CICERO
815 1061 997 1092 ATTICO
1027 1061 1134 1093 SAL.

259 1149 504 1188 Tabellarius
539 1151 589 1188 ad
629 1163 691 1188 me
725 1164 815 1187 cum
856 1150 940 1188 sine
976 1151 1110 1189 litteris
1142 1151 1218 1189 tuis
1252 1151 1433 1199 venisset,
1466 1152 1540 1190 exi-
1560 1163 1577 1190 1

205 1214 359 1252 stimavi
391 1214 461 1252 tibi
491 1227 577 1252 eam
605 1228 763 1252 causam
792 1228 871 1252 non
905 1215 1103 1254 scribendi
1130 1216 1249 1255 fuisse
1280 1219 1388 1266 quod
1416 1217 1540 1267 pridie

204 1279 424 1330 scripsisses
446 1292 491 1318 ea
513 1279 596 1329 ipsa
615 1281 665 1317 ad
686 1292 805 1329 quam
828 1280 1005 1330 rescripsi
1027 1281 1204 1330 epistula.
1260 1283 1538 1331 Exspectaram

149 1361 183 1392 ¹5
204 1352 337 1382 tamen
367 1344 515 1394 aliquid
546 1345 596 1382 de
625 1343 760 1382 litteris
790 1344 903 1382 Asini
930 1345 1128 1384 Pollionis.
1189 1347 1267 1384 Sed
1296 1346 1462 1384 nimium
1493 1361 1539 1385 ex

205 1424 295 1448 meo
316 1410 397 1448 otio
425 1417 535 1448 tuum
564 1417 710 1459 specto.
772 1411 1026 1460 Quamquam
1053 1411 1123 1448 tibi
1150 1411 1317 1459 remitto,
1341 1411 1415 1450 nisi
1443 1412 1538 1461 quid

205 1490 365 1514 necesse
404 1475 484 1522 erit,
522 1489 683 1514 11666556
722 1489 771 1514 116
810 1476 957 1514 habeas
991 1477 1160 1515 scribere
1199 1477 1273 1515 nisi
1313 1477 1386 1515 eris
1425 1479 1538 1516 valde

204 1541 364 1579 otiosus.

260 1608 322 1644 De
339 1606 548 1645 tabellariis
568 1607 737 1644 facerem
758 1607 867 1656 quod
896 1607 1048 1653 suades,
1072 1606 1103 1644 si
1125 1615 1255 1645 essent
1282 1609 1384 1646 ullae
1406 1621 1536 1646 116665-
1553 1620 1578 1647 2

146 1690 186 1712 20
205 1672 326 1710 sariae
347 1672 506 1719 litterae,
530 1680 572 1710 ut
599 1680 707 1710 erant
728 1671 821 1709 olim
850 1685 941 1709 cum
969 1679 1101 1710 tamen
1124 1672 1365 1710 brevioribus
1396 1673 1536 1712 diebus

204 1738 350 1777 cotidie
389 1738 682 1788 respondebant
722 1737 889 1787 tempori
929 1737 1129 1783 tabellarii,
1172 1745 1209 1775 et
1248 1746 1328 1775 erat
1374 1738 1534 1788 aliquid,

204 1802 333 1849 Silius,
363 1805 524 1849 Drusus,
548 1802 622 1840 alia
652 1804 858 1852 quaedam.
920 1804 1038 1840 Nunc
1074 1801 1148 1839 nisi
1173 1802 1282 1840 Otho
1314 1803 1533 1851 exstitisset,

203 1870 311 1918 quod
333 1868 590 1907 scriberemus
611 1881 692 1906 non
713 1876 793 1906 erat
809 1884 818 1915 3
847 1870 891 1906 id
908 1869 1036 1918 ipsum
1065 1868 1231 1906 dilatum
1253 1876 1321 1906 est.
1381 1871 1534 1909 Tamen

202 1936 362 1973 adlevor
383 1948 472 1972 611111
494 1936 635 1983 loquor
660 1941 791 1972 tecum
819 1935 974 1981 absens,
1000 1936 1125 1973 multo
1153 1933 1271 1972 etiam
1300 1935 1421 1985 magis
1442 1949 1533 1973 cum

144 2015 182 2046 25
203 2008 289 2038 tuas
310 2000 455 2038 litteras
477 2002 573 2049 lego.
635 2001 712 2038 Sed
733 2000 921 2050 quoniam
950 2009 987 2038 et
1008 2001 1102 2039 abes
1125 1999 1197 2050 (sic
1218 1999 1324 2038 enim
1351 2000 1531 2050 arbitror)

202 2073 240 2103 ct
267 2065 463 2104 scribendi
496 2065 706 2103 necessitas
737 2067 843 2104 nulla
873 2074 941 2113 est,
965 2066 1248 2116 conquiescent
1278 2065 1428 2104 litterae
1457 2066 1531 2105 nisi

201 2130 297 2180 quid
318 2131 408 2169 novi
430 2131 626 2169 exstiterit.

243 2237 263 2265 8
288 2235 387 2270 Κῦρος
411 2234 448 2274 δ’,
469 2234 493 2265 ε’
517 2235 637 2264 Bossns
652 2235 717 2266 coll.
737 2234 835 2275 Dz'og.
854 2235 960 2267 Lam.
980 2237 1021 2267 vi.
1044 2247 1068 2267 I.
1092 2238 1152 2268 16:
1177 2240 1333 2269 KTPCAC
1363 2238 1402 2268 M
1492 2248 1529 2276 14

200 2289 298 2317 quam
322 2278 470 2310 Lamb.:
501 2289 567 2318 que
592 2277 654 2308 M:
689 2289 776 2317 quae
804 2278 993 2321 chscnbctg
1092 2282 1154 2312 hac
1179 2286 1254 2313 ante
1279 2282 1424 2322 epistula
1450 2281 1526 2312 add.

203 2322 393 2363 lVesenbetg
407 2333 446 2353 ex
460 2322 481 2352 I
571 2332 607 2361 15
633 2322 790 2352 nimirum
807 2323 926 2354 Lamb.
1024 2326 1061 2354 16
1084 2325 1152 2355 otio
1169 2329 1262 2356 tuum
1280 2331 1397 2365 specto
1415 2325 1530 2356 Mam:

200 2366 305 2396 otium
323 2370 485 2405 exspecto
510 2365 569 2396 M:
593 2366 696 2396 otium
714 2370 805 2396 tuum
824 2371 943 2406 specto
955 2367 1040 2397 Boot
1129 2379 1171 2399 20
1195 2374 1308 2399 tamen
1320 2373 1395 2409 post
1411 2369 1530 2400 diebus

199 2410 399 2450 transposm't
415 2409 508 2440 Man.
648 2419 685 2439 21
713 2409 876 2440 tabellarii
892 2411 958 2442 secl.
979 2410 1064 2441 Boot
1193 2423 1234 2452 23
1258 2412 1290 2443 id
1308 2413 1382 2443 add.
1405 2413 1494 2444 Crat.

1380 2468 1442 2498 28*
