1742 2651
89 135 158 172 IX.
182 134 226 169 vi
559 132 613 167 M.
645 131 811 167 TVLLI
845 129 1150 167 CICERONIS

192 244 288 294 quid
321 244 414 281 mihi
447 245 616 294 placeret
650 242 690 280 id
723 249 872 280 rectum
903 255 944 279 se
977 248 1114 291 putare
1147 240 1290 289 aiebat,
1316 240 1356 279 id
1385 241 1518 280 animo

191 309 429 358 aequissimo
451 308 696 358 sequebatur.

150 387 175 426 5
247 376 352 412 Tuas
386 387 492 412 nunc
527 373 711 423 epistulas
750 386 773 410 a
811 371 938 422 primo
969 373 1067 422 lego.
1128 373 1219 409 Hae
1259 385 1321 409 me
1358 373 1519 420 paulum

193 447 377 478 recreant.
466 438 617 475 Primae
666 444 829 474 monent
868 445 906 474 et
946 444 1081 486 rogant
1130 450 1179 474 ne
1218 449 1281 474 me
1319 436 1521 486 proiciam,

194 503 393 554 proximae
417 504 586 552 gaudere
617 509 654 539 te
683 502 899 539 ostendunt
929 515 992 539 me
1020 500 1262 539 remansisse.
1324 503 1400 538 Eas
1430 515 1519 539 cum
1541 515 1556 544 5

195 570 292 618 lego,
327 568 455 605 minus
491 566 587 604 mihi
619 566 740 616 turpis
773 566 919 612 videor,
956 567 1025 604 sed
1066 574 1144 602 tam
1184 564 1252 603 diu
1287 566 1382 603 dum
1421 568 1519 615 lego.

197 633 352 671 Deinde
379 631 539 681 emergit
560 645 711 668 rursum
732 632 845 669 dolor
874 638 912 668 et
947 634 1104 681 αἰσχροῦ
1131 631 1330 679 φαντασία.
1390 632 1521 679 Quam

196 699 247 736 ob
278 711 357 736 rem
388 698 552 735 obsecro
583 704 630 742 te,
656 695 708 733 mi
729 696 832 743 Tite,
853 695 958 746 eripe
988 695 1084 733 mihi
1114 697 1220 733 hunc
1250 697 1426 733 dolorem
1455 704 1522 734 aut

196 762 329 800 minue
350 764 486 800 saltem
510 769 576 799 aut
601 761 871 799 consolatione
901 769 967 798 aut
997 760 1162 799 consilio
1186 768 1251 798 aut
1273 774 1522 810 quacumque

196 842 235 866 re
256 835 377 877 potes.
438 826 547 875 Quid
564 834 605 864 tu
625 834 756 864 autem
774 825 929 876 possis?
952 833 1018 863 aut
1035 825 1131 875 quid
1148 826 1270 863 homo
1284 825 1522 875 quisquam?
1546 840 1583 861 10

195 892 272 929 Vix
292 892 369 930 iam
390 893 498 930 deus.

149 965 177 1002 6
253 957 451 1007 Equidem
491 957 587 995 illud
627 956 767 995 molior
801 957 909 1005 quod
944 963 985 993 tu
1025 969 1163 994 mones
1198 969 1408 1005 sperasque
1443 955 1523 994 fieri

197 1037 323 1074 posse,
356 1030 398 1060 ut
428 1022 523 1060 mihi
556 1023 700 1061 Caesar
731 1022 924 1059 concedat
951 1029 994 1058 ut
1022 1020 1148 1059 absim
1183 1034 1273 1058 cum
1307 1020 1455 1070 aliquid
1485 1021 1524 1058 in

198 1096 335 1126 senatu
353 1096 487 1126 contra
505 1089 687 1126 Gnaeum
701 1094 845 1136 agatur.
906 1087 985 1125 Sed
1002 1086 1122 1124 timeo
1138 1100 1188 1124 ne
1209 1100 1289 1123 non
1306 1086 1522 1136 impetrem.

198 1153 317 1191 Venit
350 1153 401 1190 ab
432 1166 480 1191 eo
512 1151 690 1190 Furnius.
749 1153 803 1189 Vt
834 1151 996 1200 quidem
1031 1151 1129 1189 scias
1168 1164 1268 1200 quos
1303 1164 1525 1200 sequamur,

200 1220 247 1267 Q.
291 1217 413 1255 Titini
463 1217 585 1255 filium
633 1231 723 1254 cum
765 1218 933 1255 Caesare
975 1230 1060 1255 esse
1101 1216 1266 1262 nuntiat,
1308 1217 1377 1255 sed
1415 1216 1526 1254 illum

201 1282 366 1321 maiores
406 1282 501 1319 mihi
539 1281 680 1332 gratias
710 1295 823 1331 agere
862 1295 981 1331 quam
1020 1282 1172 1319 vellem.
1252 1281 1360 1329 Quid
1394 1289 1526 1319 autem

200 1363 263 1386 mc
284 1355 390 1397 roget
412 1346 547 1397 paucis
573 1347 638 1384 ille
658 1346 820 1396 quidem
847 1346 975 1384 verbis
995 1347 1065 1384 sed
1090 1350 1127 1384 ἐν
1151 1347 1309 1396 δυνάμει,
1332 1360 1527 1396 cognosce

200 1427 246 1451 ex
278 1412 397 1462 ipsius
433 1412 608 1462 epistula.
681 1413 749 1449 Me
789 1411 973 1449 miserum
1013 1413 1122 1461 quod
1161 1419 1203 1449 tu
1238 1426 1318 1450 non
1350 1411 1527 1450 valuisti!

200 1492 279 1515 una
308 1478 541 1524 fuissemus3
574 1476 783 1515 consilium
816 1483 919 1515 certe
949 1490 1030 1515 non
1057 1476 1270 1524 defuisset3
1304 1478 1398 1515 6σύν
1415 1495 1455 1516 τε
1475 1476 1526 1515 δύ’
1551 1494 1589 1514 20

200 1544 405 1594 {pxofte'vm'
425 1567 487 1580 ——.

157 1623 180 1660 7
256 1610 333 1646 Sed
363 1616 449 1646 acta
476 1622 526 1646 ne
555 1621 730 1658 agamus,
752 1607 900 1657 reliqua
930 1621 1122 1657 paremus.
1184 1610 1253 1646 Me
1273 1609 1404 1646 adhuc
1432 1609 1528 1646 haec

202 1675 283 1712 duo
303 1675 532 1719 fefellerunt,
556 1672 668 1711 initio
688 1686 777 1722 spes
797 1672 1106 1722 compositionis,
1130 1686 1208 1722 qua
1228 1675 1329 1711 facta
1349 1674 1529 1711 volebam

202 1739 258 1776 uti
280 1737 456 1788 populari
477 1737 568 1785 vita,
589 1736 854 1775 sollicitudine
881 1744 1124 1775 senectutem
1146 1746 1319 1776 nostram
1344 1738 1530 1785 liberare3

203 1803 349 1842 deinde
388 1803 535 1841 bellum
574 1803 733 1840 crudele
771 1809 809 1839 et
848 1801 1055 1839 exitiosum
1095 1802 1239 1852 suscipi
1277 1817 1300 1840 a
1339 1801 1530 1852 Pompeio
1552 1815 1590 1846 25

203 1868 490 1918 intellegebam.
551 1866 728 1905 Melioris
748 1866 903 1905 medius
927 1867 1043 1905 fidius
1071 1867 1165 1905 civis
1187 1875 1224 1906 et
1244 1867 1313 1905 viri
1342 1868 1529 1918 putabam

205 1932 344 1983 quovis
379 1932 572 1982 supplicio
612 1932 729 1970 adfici
768 1946 887 1982 quam
926 1932 980 1970 illi
1019 1932 1239 1971 crudelitati
1279 1946 1359 1970 non
1403 1933 1530 1970 solum

205 2011 386 2048 praeesse
417 2011 552 2035 verum
585 1997 702 2035 etiam
735 1997 931 2036 interesse.
992 1997 1158 2035 Videtur
1188 1999 1249 2036 vel
1284 1997 1381 2035 mori
1411 1997 1531 2035 satius

206 2062 325 2100 fuisse
346 2076 464 2111 quarn
486 2076 571 2100 esse
592 2076 682 2100 cum
698 2062 767 2099 his.
828 2063 893 2100 Ad
914 2063 1011 2100 haec
1027 2062 1141 2112 igitur
1157 2062 1294 2112 cogita,
1315 2062 1367 2099 mi
1387 2061 1528 2108 Attice,
1581 2078 1584 2079 ⁷

207 2129 267 2165 vel
288 2127 418 2176 potius
443 2127 629 2177 excogita.
691 2126 882 2176 Quemvis
903 2134 1088 2165 eventum
1109 2127 1245 2165 fortius
1266 2128 1385 2165 feram
1413 2140 1531 2177 quam
1553 2137 1593 2168 30

208 2193 314 2230 hunc
335 2193 524 2230 dolorem.

258 2318 298 2345 24
323 2307 369 2337 uti
387 2308 510 2337 Bosius
525 2319 531 2337 :
556 2312 592 2338 ut
609 2306 648 2336 M
736 2308 803 2338 vita
820 2307 940 2338 Rosius
957 2319 963 2338 ε
988 2312 1023 2337 ut
1040 2318 1080 2338 ea
1097 2307 1153 2339 M:
1169 2308 1249 2347 fort.
1268 2307 1331 2346 via,
1351 2306 1388 2346 cf.
1405 2307 1424 2338 i.
1444 2317 1496 2337 20.
1514 2315 1534 2344 3

212 2352 315 2386 (viam
333 2351 553 2390 optimatem)⁷
577 2351 645 2382 Cal.
663 2351 702 2382 iv.
720 2363 741 2391 9
896 2351 1037 2382 liberare
1055 2352 1132 2382 coni.
1158 2351 1363 2391 lif'esenflmg:
1392 2351 1534 2381 liberant

209 2395 332 2425 Hosius
