1742 2651
106 73 216 110 XVI.
243 73 288 108 ii1
620 73 674 108 M.
708 72 875 108 TVLLI
908 71 1216 109 CICERONIS

252 185 373 232 Quod
415 185 573 221 Erotem
614 197 693 220 non
734 181 817 219 sine
858 183 1093 219 munusculo
1132 189 1356 231 exspectare
1396 189 1433 220 te
1472 182 1580 229 dicis,

250 249 404 297 gaudeo
426 262 505 286 non
528 247 710 286 fefellisse
731 260 818 285 eam
840 260 921 284 rem
942 245 1171 295 opinionem
1198 254 1330 293 tuamg
1359 248 1429 285 sed
1451 254 1581 285 tamen

250 312 356 351 idem
378 314 573 365 σύνταγμα
603 312 689 350 misi
710 313 761 350 ad
787 319 824 350 te
851 311 1093 349 retractatius
1120 319 1158 349 et
1186 311 1347 361 quidem
1376 314 1585 363 ἀρχέτυπον

250 377 379 428 ipsum
410 377 555 416 crebris
578 377 674 415 locis
702 376 942 415 inculcatum
971 383 1009 414 et
1033 377 1232 414 refectum.
1294 378 1417 415 Hunc
1444 385 1485 415 tu
1513 385 1584 415 tra-

250 445 370 482 latum
393 443 431 481 in
460 444 741 481 macrocollum
770 443 853 491 lege
874 454 1018 479 arcano
1045 441 1219 479 convivis
1246 441 1322 479 tuis
1352 443 1433 489 sed,
1456 442 1487 480 si
1520 456 1582 481 me
1603 454 1621 486 5

248 523 368 555 arnas,
392 508 522 546 hilaris
544 516 582 546 et
611 508 714 546 bene
742 507 926 556 acceptis,
951 521 1000 545 ne
1031 506 1070 544 in
1092 520 1154 545 me
1182 508 1430 545 stomachum
1459 521 1583 546 erum-

250 581 343 623 pant
364 587 454 611 cum
476 573 552 611 sint
573 572 643 610 tibi
665 571 759 610 irati.

206 652 230 679 2
305 641 367 676 De
407 639 599 678 Cicerone
637 637 755 676 velim
795 637 847 675 ita
885 637 934 675 sit
972 644 1014 675 ut
1052 637 1246 676 audimus.
1321 640 1382 676 De
1413 640 1582 676 Xenone

249 718 379 742 coram
411 717 676 753 cognoscam3
704 717 945 753 quamquam
976 702 1073 740 nihil
1104 704 1155 741 ab
1183 717 1232 741 eo
1261 703 1424 741 arbitror
1453 717 1582 753 neque

248 767 496 817 indiligenter
534 781 664 817 neque
703 767 963 805 inliberaliter.
1044 769 1106 805 De
1150 769 1315 806 Herode
1357 767 1496 805 faciam
1539 775 1581 805 ut
1604 781 1642 802 10

248 835 412 871 mandas
440 841 477 871 et
507 846 553 871 ea
580 846 680 882 quae
705 832 842 870 scribis
870 846 916 870 ex
946 832 1104 871 Saufeio
1131 839 1169 870 et
1196 846 1217 870 e
1244 835 1412 871 Xenone
1439 846 1582 882 cogno-

203 909 226 944 3
247 911 363 935 scam.
426 900 487 936 De
518 898 670 946 Quinto
705 897 786 935 filio
819 898 975 947 gaudeo
1006 897 1078 935 tibi
1110 911 1216 936 meas
1248 897 1393 936 litteras
1424 898 1529 948 prius
1559 912 1582 936 a

246 962 448 1001 tabellario
470 976 559 1001 meo
587 976 705 1012 quam
733 963 784 1000 ab
812 961 897 1012 ipso
924 962 1122 1009 redditas;
1151 976 1393 1012 quamquam
1418 970 1456 1001 te
1484 962 1580 1000 nihil

246 1026 454 1065 fefellisset.
497 1029 645 1065 Verum
668 1034 800 1065 tamen
822 1050 883 1064 ἡ.
926 1028 1004 1065 Sed
1026 1034 1211 1077 exspecto
1232 1026 1327 1077 quid
1350 1027 1413 1066 ille
1433 1035 1576 1073 tecum,

245 1092 341 1141 quid
372 1099 412 1130 tu
433 1092 616 1138 vicissim,
640 1106 713 1130 nec
740 1091 881 1130 dubito
909 1091 1003 1141 quin
1032 1105 1103 1130 suo
1131 1105 1238 1130 more
1266 1101 1439 1142 uterque.
1500 1094 1579 1131 Sed
1601 1106 1636 1137 15

245 1171 310 1195 eas
338 1156 483 1195 litteras
514 1157 677 1196 Curium
713 1156 809 1194 mihi
840 1170 954 1206 spero
988 1156 1244 1195 redditurum.
1305 1157 1384 1205 Qui
1416 1157 1576 1207 quidem

245 1222 317 1260 etsi
346 1236 415 1272 per
446 1237 487 1261 se
517 1230 575 1261 est
606 1222 785 1260 amabilis
815 1236 838 1260 a
867 1236 1010 1271 meque
1040 1222 1223 1271 diligitur,
1256 1230 1387 1261 tamen
1416 1224 1580 1261 accedet

244 1301 409 1338 magnus
431 1289 612 1326 cumulus
633 1287 991 1325 commendationis
1013 1294 1112 1325 tuae.

196 1362 222 1399 4
299 1353 454 1391 Litteris
486 1352 561 1391 tuis
592 1352 684 1390 satis
714 1366 947 1402 responsum
978 1360 1061 1399 est3
1096 1367 1201 1391 nunc
1231 1353 1323 1392 audi
1354 1355 1474 1403 quod,
1506 1353 1579 1392 etsi

242 1418 426 1469 intellego
448 1419 563 1457 scribi
592 1432 752 1457 necesse
781 1432 860 1457 non
885 1432 981 1465 esse,
1005 1419 1134 1458 scribo
1161 1427 1304 1458 tamen.
1365 1422 1494 1457 Multa
1514 1434 1578 1458 me
1600 1434 1638 1454 20

243 1492 402 1523 movent
419 1484 457 1522 in
474 1485 660 1530 discessu,
679 1484 717 1521 in
738 1483 873 1533 primis
894 1498 957 1522 me
978 1485 1136 1522 hercule
1158 1486 1266 1534 quod
1283 1485 1465 1534 diiungor
1484 1499 1507 1522 a
1527 1492 1575 1523 te.

243 1551 381 1588 Movet
402 1549 519 1588 etiam
541 1549 800 1598 navigationis
820 1550 931 1587 labor
953 1549 1103 1588 alienus
1126 1564 1205 1588 non
1226 1550 1276 1588 ab
1300 1557 1428 1588 aetate
1449 1551 1576 1588 solum

242 1623 374 1653 nostra
403 1629 538 1653 verum
568 1614 685 1653 etiam
715 1628 738 1652 a
767 1614 958 1665 dignitate
994 1623 1229 1665 tempusque
1264 1614 1460 1653 discessus
1489 1615 1578 1653 sub-

239 1679 467 1718 absurdum.
524 1678 802 1729 Relinquimus
832 1679 938 1718 enim
969 1693 1108 1730 pacem
1136 1687 1178 1717 ut
1202 1680 1253 1717 ad
1279 1679 1427 1717 bellum
1456 1693 1577 1718 rever-

240 1751 378 1791 tamur,
420 1746 608 1795 quodque
647 1744 835 1794 temporis
875 1745 914 1783 in
953 1745 1164 1795 praediolis
1210 1744 1352 1783 nostris
1397 1752 1434 1782 et
1474 1746 1576 1784 belle
1597 1759 1634 1790 25

239 1810 455 1848 aedificatis
476 1818 514 1848 et
534 1810 626 1848 satis
646 1809 824 1849 amoenis
847 1810 1026 1848 consumi
1049 1809 1176 1859 potuit
1198 1808 1235 1846 in
1264 1808 1575 1859 peregrinatione

239 1876 521 1913 consumimus.
581 1877 848 1915 Consolantur
883 1877 1004 1913 haec:
1045 1882 1112 1912 aut
1146 1875 1392 1924 proderimus
1424 1874 1575 1924 aliquid

239 1940 422 1979 Ciceroni
449 1948 516 1979 aut
543 1949 737 1991 quantum
764 1940 901 1991 profici
929 1940 1051 1990 possit
1083 1940 1355 1978 iudicabimus.
1418 1939 1574 1978 Deinde

238 2012 279 2042 tu
310 2005 398 2052 iam,
421 2013 463 2043 ut
493 2020 607 2056 spero
638 2014 676 2044 et
703 2013 746 2044 ut
775 2005 982 2055 promittis,
1005 2004 1142 2043 aderis.
1204 2005 1325 2053 Quod
1353 2004 1513 2053 quidem
1541 2003 1572 2042 si

195 2078 219 2115 5
237 2070 432 2117 acciderit,
460 2071 595 2109 onmia
621 2071 736 2110 nobis
766 2078 879 2108 erunt
910 2069 1080 2108 meliora.
1143 2069 1317 2107 Maxime
1346 2075 1477 2106 autem
1509 2082 1571 2108 me
1593 2081 1634 2112 30

237 2135 343 2185 angit
378 2136 475 2174 ratio
510 2136 748 2186 reliquorum
782 2149 971 2174 meorum.
1032 2136 1146 2183 Quae
1180 2147 1421 2184 quamquam
1456 2133 1572 2183 expli-

237 2207 324 2238 cata
354 2209 458 2248 sunt,
484 2209 627 2247 tamen,
655 2201 763 2250 quod
794 2208 832 2238 et
866 2200 1098 2238 Dolabellae
1125 2212 1271 2238 nomen
1301 2198 1340 2235 in
1371 2198 1416 2235 iis
1446 2206 1504 2236 est
1534 2205 1572 2236 et

283 2314 296 2334 1
323 2309 357 2335 te
375 2307 398 2336 Σ
414 2303 497 2334 Crat.
519 2314 526 2333 z
551 2314 615 2334 om.
633 2308 661 2333 Δ
750 2313 770 2342 4
797 2302 872 2333 Hoc
890 2301 975 2331 Reid
988 2301 1052 2332 coll.
1071 2301 1129 2331 xii.
1147 2311 1165 2340 5
1179 2311 1196 2331 c
1288 2310 1325 2339 17
1351 2301 1482 2331 accedit
1498 2304 1568 2331 vett.
