1742 2651
532 133 644 168 EPP.
677 133 754 169 Al)
786 133 1044 171 ATTICVM
1442 134 1522 172 X.i

197 242 368 289 Trebati,
399 242 493 281 boni
520 242 654 298 viriet
684 242 790 290 civis,
811 242 938 281 verbis
969 250 1006 281 te
1033 245 1188 293 gaudeo
1219 245 1469 290 delectatum,

142 314 288 356 tuaque
317 307 391 345 ista
420 309 554 346 crebra
582 309 789 357 ἐκφώνησις
810 308 986 358 (ὑπέρειβ
1008 321 1071 346 me
1100 310 1183 347 sola
1209 310 1341 347 adhuc
1370 310 1473 347 dele-

141 372 270 410 ctavit.
330 372 496 411 Litteras
527 380 611 411 tuas
639 375 892 412 vehementer
926 381 1135 423 exspect03
1177 387 1273 423 quas
1309 373 1469 423 quidem

141 438 260 475 credo
290 437 367 475 iam
397 439 508 476 datas
537 452 632 476 esse.
692 440 754 476 Tu
786 452 875 476 cum
904 439 1022 476 Sexto
1052 438 1211 476 servasti
1241 438 1470 488 gravitatem
1488 449 1514 486 4

104 516 121 547 5
142 503 310 541 eandem
340 516 459 552 quam
492 503 587 541 mihi
619 503 821 553 praecipis.
882 505 996 543 Celer
1026 511 1115 541 tuus
1145 503 1314 542 disertus
1349 503 1472 554 magis

142 575 199 605 est
233 581 353 617 quam
385 567 551 617 sapiens.
613 570 674 606 De
708 568 916 607 iuvenibus
951 581 1052 618 quae
1087 568 1295 621 etz-Tullia
1327 568 1472 607 audisti

141 646 231 670 vera
251 640 352 670 sunt.
415 633 647 671 Mucianum
677 633 780 671 istud
802 635 910 683 quod
938 633 1074 672 scribis
1099 647 1180 671 non
1202 633 1298 671 mihi
1319 633 1473 672 videtur

142 705 221 735 tam
243 711 283 736 re
304 711 388 736 esse
409 698 516 737 triste
537 712 655 748 quam
677 699 807 737 verbo.
870 701 983 737 Haec
1011 707 1068 737 est
1094 701 1168 748 ἄλη
1195 699 1234 736 in
1262 712 1340 749 qua
1366 713 1472 738 nunc

143 776 278 801 sumus
311 763 445 800 mortis
477 763 607 801 instar.
667 765 747 801 Aut
781 763 886 801 enim
927 763 1023 801 mihi
1058 764 1178 803 libere
1213 764 1313 802 inter
1347 766 1472 803 malos

85 843 123 865 10
142 829 378 866 πολιτευτέον
412 828 482 866 fuit
520 836 587 866 aut
619 830 678 866 vel
713 828 932 878 periculose
964 843 1054 867 cum
1090 829 1215 867 bonis.
1286 831 1368 867 Aut
1400 843 1471 868 nos

143 892 402 931 temeritatem
424 894 619 931 bonorum
647 907 858 943 sequamur
877 901 945 931 aut
965 893 1171 932 audaciam
1200 894 1471 944 improborum

141 958 389 996 insectemur.
435 960 656 1008 Vtrumque
676 959 939 1009 periculosum
958 967 1027 1006 est,
1042 968 1081 998 at
1102 961 1178 998 hoc
1194 961 1303 1010 quod
1319 959 1471 1009 agimus

141 1031 252 1073 turpe
273 1037 345 1062 nec
367 1031 497 1061 tamen
519 1032 658 1062 tutum.

197 1101 322 1138 Istum
339 1099 406 1149 qui
428 1099 549 1138 filium
573 1101 825 1139 Brundisium
847 1102 897 1140 de
918 1115 1015 1151 pace
1038 1101 1141 1140 misit
1159 1102 1226 1152 (de
1247 1116 1343 1152 pace
1364 1102 1470 1140 idern

85 1178 120 1208 15
141 1165 268 1203 sentio
302 1166 412 1215 quod
443 1172 495 1211 tn,
525 1165 815 1204 simulationem
849 1180 933 1204 esse
967 1175 1157 1216 apertam,
1183 1167 1308 1217 parari
1338 1175 1470 1206 autem

140 1229 327 1268 acerrime
348 1230 524 1280 bellum),
550 1244 612 1268 me
632 1232 803 1281 legatum
825 1231 868 1269 iri
890 1246 970 1270 non
991 1232 1166 1279 arbitror,
1190 1232 1302 1271 cuius
1325 1235 1468 1279 adhuc,

141 1303 182 1333 ut
203 1295 346 1345 optavi,
370 1295 519 1334 mentio
539 1296 641 1333 facta
662 1298 768 1334 nulla
789 1295 846 1334 sit.
909 1299 970 1335 Eo
995 1296 1124 1335 minus
1152 1298 1281 1336 habeo
1309 1312 1470 1336 necesse

141 1359 308 1398 scribere
329 1368 395 1398 aut
417 1359 534 1398 etiam
555 1360 725 1410 cogitare
746 1360 841 1410 quid
863 1360 935 1399 sim
964 1363 1149 1409 facturus,
1170 1362 1201 1400 si
1222 1362 1408 1401 acciderit
1429 1370 1470 1401 ut

141 1427 254 1476 leger.

83 1557 123 1579 20
185 1543 233 1577 II
294 1546 364 1577 Scr.
383 1547 415 1576 in
434 1545 570 1576 Arcano
588 1545 830 1585 Quinlisa‘atrz's
842 1551 945 1587 βοείη
968 1547 1052 1578 Non.
1073 1547 1156 1588 Asu:
1178 1559 1207 1579 a.
1232 1557 1286 1587 705
1304 1548 1390 1590 (49).

556 1639 726 1670 CICERO
749 1641 931 1671 ATTICO
954 1641 1060 1673 SAL.

196 1714 281 1763 Ego
311 1726 402 1750 cum
431 1711 673 1762 accepissem
701 1720 786 1751 tuas
816 1713 962 1751 litteras
990 1713 1117 1752 Nonis
1145 1713 1346 1764 Aprilibus
1373 1728 1470 1765 quas
1490 1727 1507 1754 1

142 1777 334 1828 Cephalio
354 1779 548 1824 attulerat,
569 1791 776 1827 essemque
798 1778 1021 1816 Menturnis
1049 1779 1237 1828 postridie
1264 1793 1470 1819 mansurus

141 1850 179 1880 et
199 1842 292 1880 inde
313 1842 500 1892 protinus,
525 1842 691 1880 sustinui
719 1856 781 1881 me
802 1843 843 1880 in
864 1845 1022 1882 Arcano
1049 1844 1187 1886 fratris,
1207 1852 1262 1891 ut,
1283 1846 1379 1884 dum
1405 1846 1471 1884 ali-

83 1923 120 1954 25
141 1907 237 1957 quid
265 1907 406 1946 certius
435 1908 659 1953 adferretur,
682 1907 895 1946 occultiore
922 1908 962 1945 in
991 1910 1080 1946 loco
1110 1922 1285 1948 essemus
1314 1924 1470 1960 ageren-

141 1980 281 2023 turque
302 1972 425 2011 nihilo
447 1972 576 2010 minus
597 1986 697 2021 quae
718 1972 801 2011 sine
822 1973 937 2012 nobis
958 1973 1018 2024 agi
1039 1982 1214 2023 possunt.

194 2041 424 2090 Λαλαγεῦσα
455 2037 532 2075 iam
563 2038 675 2076 adest
707 2046 745 2076 et
775 2038 930 2077 animus
965 2041 1085 2086 ardet,
1118 2054 1247 2090 neque
1277 2049 1335 2080 est
1364 2041 1470 2092 quic-

185 2153 202 2181 7
229 2141 421 2172 Mucianum
440 2141 524 2172 Reid
537 2142 602 2172 coll.
625 2142 666 2173 ix.
687 2153 735 2173 12.
757 2153 770 2173 1
787 2155 792 2172 ι
823 2143 957 2173 Maeoni
975 2143 1062 2175 codd.
1079 2156 1085 2175 ς
1117 2144 1304 2176 Matianum
1321 2145 1473 2178 Schmidt

143 2196 182 2215 10
205 2185 291 2226 Aut]
310 2190 345 2215 ut
362 2191 420 2216 aut
440 2196 528 2225 tcum
547 2195 766 2224 sequeremur
781 2190 810 2216 et
826 2187 1088 2229 insectaremur)
1106 2188 1258 2219 Schmidt
1432 2201 1469 2229 13

140 2234 238 2268 turpe
256 2229 385 2261 Baiter:
413 2240 475 2259 nec
493 2234 591 2268 turpe
609 2229 669 2260 M:
694 2234 726 2259 et
745 2235 842 2269 turpe
860 2229 955 2263 Man,
1102 2233 1142 2261 16
1165 2233 1329 2264 acerrime
1345 2233 1468 2264 bellum

141 2272 286 2302 CORP:
320 2273 396 2303 bell.
426 2283 474 2303 ac.
506 2278 534 2302 Δ
550 2272 618 2302 edd.
728 2284 781 2303 me
807 2274 955 2312 legatum
986 2275 1169 2313 (elegatum
1197 2276 1251 2311 M)
1279 2278 1320 2307 iri
1337 2288 1404 2308 non
1432 2277 1474 2308 M

139 2316 238 2347 Rom.
257 2327 265 2347 t
288 2316 435 2355 legatum
452 2316 503 2354 iri,
516 2326 584 2345 non
602 2326 654 2346 me
670 2315 858 2357 l'Vesenberg
948 2328 986 2356 19
1011 2317 1105 2356 leger
1124 2318 1290 2350 Corradus
1305 2332 1311 2351 :
1336 2322 1470 2360 legerer

138 2358 180 2388 M
193 2359 276 2390 Ant.
293 2359 342 2390 F:
368 2359 502 2399 legarer
519 2359 619 2390 Rom.
731 2371 772 2398 24
797 2361 847 2401 et]
866 2365 902 2391 ut
923 2359 1113 2402 Wesenberg
1243 2365 1284 2394 26
1309 2364 1468 2406 possunt]

140 2413 207 2432 non
227 2408 370 2441 possunt
387 2404 466 2435 coni.
487 2402 572 2434 Reid
702 2414 740 2442 27
767 2404 924 2445 est]f0rt.
940 2409 1016 2445 stat,
1035 2406 1071 2444 cf.
1092 2405 1135 2438 iii.
1162 2417 1209 2446 14.
1230 2417 1248 2436 2

183 2466 246 2487 cxc.
267 2467 315 2486 AD
332 2467 406 2488 ATT.
1342 2464 1382 2495 22
