1742 2651
562 114 673 150 EPP.
706 114 783 150 AI)
813 114 1072 151 ATTICVM
1412 115 1498 151 XV.
1516 114 1561 150 iv

154 235 288 261 verum
309 223 370 262 sit.
420 225 561 263 Cetera
582 238 724 272 coram,
741 232 779 263 et
796 225 962 263 maxime
979 225 1074 275 quid
1095 225 1235 263 nostris
1257 225 1481 264 faciendum

154 286 213 334 sit,
240 287 336 338 quid
363 288 481 327 etiam
511 290 637 336 nobis,
665 290 696 328 si
718 291 914 329 Antonius
946 291 1133 328 militibus
1163 292 1394 329 obsessurus
1424 300 1483 330 est

154 360 344 391 senatum.
415 355 534 392 Hanc
578 354 785 404 epistulam
825 355 856 393 si
888 355 989 393 illius
1030 356 1231 394 tabellario
1270 356 1479 403 dedissem,

154 417 297 455 veritus
327 431 414 456 sum
444 433 494 457 ne
524 421 700 457 solveret.
764 422 903 470 Itaque
933 420 1020 458 misi
1049 420 1193 459 dedita.
1254 423 1347 459 Erat
1376 421 1482 459 enirn

118 493 135 525 5
155 482 450 522 rescribendum
475 484 561 522 tuis.

195 589 293 624 IVa
440 593 509 625 Ser.
531 596 563 624 in
586 595 770 626 Tusculano
786 596 821 626 vi
832 595 874 626 K.
894 596 968 627 Iun.
990 607 1020 627 a.
1045 607 1101 635 710
1118 596 1206 638 (44).

561 672 730 702 CICERO
761 673 940 704 ATTICO
969 673 1073 705 SAL.

206 744 337 791 Quam
377 745 518 781 vellem
559 746 680 782 Bruto
720 745 894 782 studium
934 753 1045 783 tuum
1084 760 1225 785 navare
1263 745 1556 798 potuissesl<5)

153 810 237 858 Ego
268 808 382 857 igitur
408 810 458 846 ad
486 822 576 846 eum
604 809 762 846 litteras.
819 811 884 847 Ad
912 810 1159 848 Dolabellam
1180 811 1368 850 Tironem
1395 812 1481 849 misi

93 890 132 912 10
152 888 242 912 cum
273 874 469 912 mandatis
501 883 538 912 et
568 875 717 912 litteris.
776 877 879 913 Eum
911 877 961 914 ad
997 883 1034 914 te
1065 877 1224 915 vocabis
1256 885 1294 916 et
1325 877 1356 915 si
1386 877 1481 927 quid

151 939 316 977 habebis
351 941 459 989 quod
499 941 651 990 placeat
690 940 846 979 scribes.
913 943 1018 980 Ecce
1057 950 1188 980 autem
1223 944 1273 981 de
1311 951 1481 981 traverso

152 1007 194 1042 L.
215 1006 359 1044 Caesar
378 1013 421 1043 ut
442 1006 596 1043 veniam
621 1007 672 1044 ad
697 1020 738 1044 se
762 1014 870 1056 rogat
892 1007 930 1044 in
953 1009 1104 1045 Nemus
1125 1015 1191 1045 aut
1212 1007 1378 1046 scribam
1400 1021 1481 1057 quo

149 1084 191 1108 se
222 1070 353 1108 venire
384 1071 500 1108 velim
516 1086 526 1118 3
566 1073 688 1109 Bruto
720 1072 825 1109 enim
860 1074 1013 1122 placere
1048 1087 1089 1111 se
1122 1088 1144 1111 a
1174 1087 1236 1111 me
1267 1072 1477 1111 conveniri.

151 1136 186 1173 O
208 1149 288 1173 rem
310 1135 490 1173 odiosam
512 1144 549 1174 et
571 1136 886 1186 inexplicabilem
905 1141 910 1175 1
954 1140 1055 1175 Puto
1083 1152 1145 1175 me
1166 1152 1256 1188 ergo
1278 1138 1421 1175 iturum
1443 1145 1481 1175 et

92 1214 130 1246 15
150 1200 242 1239 inde
265 1203 448 1248 Romam,
471 1201 545 1239 nisi
573 1201 669 1251 quid
698 1210 862 1241 mutaro.
923 1203 1157 1241 Summatim
1186 1204 1316 1241 adhuc
1343 1204 1393 1241 ad
1418 1210 1480 1250 te;

150 1265 345 1303 nihildum
373 1266 479 1304 enim
500 1280 523 1304 a
545 1267 680 1305 Balbo.
742 1269 848 1306 Tuas
871 1267 984 1318 igitur
1004 1276 1188 1318 exspecto
1210 1281 1282 1307 nec
1302 1276 1479 1307 actorum

149 1332 277 1368 solum
298 1332 367 1369 sed
389 1331 507 1369 etiam
528 1333 757 1370 futurorum.

193 1439 233 1472 V
442 1442 510 1475 Ser.
528 1444 561 1474 1‘11
585 1445 769 1475 Tusculano
786 1456 805 1476 v
818 1446 860 1477 K.
881 1446 956 1477 Ilm.
977 1458 1008 1478 a.
1033 1457 1090 1485 710
1108 1446 1194 1488 (44).

556 1522 728 1552 CICERO
759 1523 940 1554 ATTICO
970 1524 1075 1555 SAL.

91 1607 130 1628 20
203 1595 238 1630 A
271 1595 392 1631 Bruto
432 1594 654 1632 tabellarius
691 1595 827 1641 rediit3
867 1596 996 1634 attulit
1030 1604 1067 1634 et
1101 1597 1151 1635 ab
1182 1610 1229 1635 eo
1259 1605 1297 1636 et
1327 1597 1475 1637 Cassio.
1499 1613 1516 1640 1

149 1658 369 1697 Consilium
402 1673 533 1697 meum
565 1674 708 1709 magno
738 1674 856 1710 opere
886 1661 1104 1710 exquirunt,
1138 1664 1281 1700 Brutus
1316 1662 1477 1712 quidem

148 1731 276 1761 utrum
294 1725 344 1762 (le
364 1725 533 1762 duobus.
594 1726 629 1764 O
657 1740 737 1764 rem
759 1726 939 1764 miseram
958 1729 964 1764 l
995 1727 1111 1776 plane
1131 1740 1211 1764 non
1232 1727 1361 1765 habeo
1382 1727 1478 1777 quid

147 1788 325 1826 scribam.
388 1791 528 1840 Itaque
557 1790 712 1829 silentio
739 1800 834 1841 puto
865 1805 927 1829 me
955 1805 1126 1838 usurum,
1151 1791 1225 1828 nisi
1249 1791 1345 1841 quid
1371 1792 1477 1830 aliud

147 1853 217 1891 tibi
239 1854 415 1897 videtum
449 1855 509 1892 sin
536 1855 607 1893 tibi
632 1856 727 1906 quid
747 1856 853 1894 venit
880 1856 920 1894 in
948 1863 1132 1903 mentem,
1157 1856 1293 1902 scribe,
1317 1870 1475 1906 quaeso.

87 1929 125 1961 25
149 1919 307 1958 Cassius
342 1934 433 1958 vero
467 1922 720 1959 vehementer
753 1929 836 1960 orat
869 1935 914 1959 ac
946 1921 1042 1971 petit
1074 1929 1116 1959 ut
1149 1921 1323 1959 Hirtium
1358 1936 1476 1972 quam

146 1984 341 2034 optimum
390 1985 541 2024 faciam.
612 1988 759 2025 Sanum
807 1989 949 2037 putas?
981 1989 1016 2025 ’ὃ
1059 1987 1244 2037 θησαυρὸς
1291 1988 1473 2038 ἄνθρακες.

147 2049 367 2099 Epistulam
397 2051 468 2089 tibi
499 2051 598 2089 misi.

199 2116 252 2152 Vt
272 2123 314 2153 tu
335 2117 385 2154 de
406 2117 607 2166 provincia
629 2117 738 2155 Bruti
765 2126 802 2156 et
825 2118 934 2158 Cassi
956 2132 1024 2168 per
1051 2126 1208 2157 senatus
1237 2120 1473 2166 consultum,
1494 2136 1519 2162 2

188 2230 207 2257 4
233 2220 345 2249 dedita
377 2231 481 2259 opera
513 2220 599 2261 vulg.
752 2223 773 2252 6
796 2223 872 2252 lzz’nc
901 2233 1021 2253 novam
1054 2229 1097 2263 ep.
1132 2224 1240 2264 z'ncipz't
1270 2224 1476 2263 Illougallz'us

144 2263 164 2291 8
189 2264 356 2300 potuisses
381 2264 506 2294 Rom.:
531 2266 684 2303 potuisse
710 2265 752 2294 M
927 2277 968 2296 20
992 2278 1011 2297 a
1040 2271 1113 2297 ante
1139 2267 1257 2298 Cassio
1284 2267 1359 2298 add.
1387 2267 1470 2297 Ant.

144 2305 262 2336 Cassio
279 2306 410 2338 litteras
427 2307 483 2337 Μ2
571 2318 612 2346 23
638 2310 727 2348 quod
744 2309 843 2341 Rom.
937 2311 978 2339 26
1002 2311 1017 2339 ὁ
1036 2309 1188 2347 θησαυρὸς
1205 2309 1354 2350 ἄνθρακες
1375 2310 1448 2341 Vz'ct.
1465 2322 1472 2342 :

144 2352 554 2382 OTENATCANOPAKEC
573 2351 635 2382 M:
670 2353 685 2382 ὁ
710 2352 849 2393 ’γναφεὺς
873 2353 1039 2393 ἀνθρακεύς
1055 2354 1176 2385 Rosius

187 2426 250 2448 (ης.
269 2427 315 2447 AD
333 2428 404 2449 ATT.
1341 2420 1385 2451 34
