1742 2651
121 830 157 852 10

589 121 700 157 EPP.
733 121 811 156 AD
843 119 1103 157 ATTICVM
1426 120 1543 159 XV.i

236 233 461 270 Redeamus
492 233 542 270 ad
575 239 738 269 nostros.
801 233 862 269 De
895 231 1037 280 quibus
1072 239 1112 269 tu
1149 232 1294 269 bonam
1327 246 1437 282 spem
1468 240 1507 270 te
1528 243 1552 279 3

179 297 374 346 significas
418 297 562 334 habere
601 304 758 346 propter
796 295 1016 334 edictorum
1056 297 1352 335 humanitatem.
1423 299 1507 347 Ego

178 370 310 400 autem
343 361 530 411 perspexi,
557 374 647 399 cum
679 374 701 398 a
732 374 795 398 me
831 372 918 397 XV11
958 362 1047 398 Kal.
1077 362 1127 398 de
1160 363 1378 399 Puteolano
1410 363 1511 399 Nea-

178 427 299 476 polim
341 428 490 464 Pansae
533 425 796 463 conveniendi
837 439 955 463 causa
993 426 1302 475 proficisceretur
1342 426 1506 472 Hirtius,

177 504 337 528 omnem
379 490 461 528 eius
506 504 675 528 sensum.
741 489 885 527 Seduxi
927 489 1031 527 enim
1063 499 1113 528 *et
1153 492 1204 528 ad
1245 504 1382 540 pacem
1422 504 1508 528 sum

176 557 414 594 cohortatus.
474 557 567 593 Non
606 564 757 605 poterat
797 555 944 593 scilicet
979 569 1119 605 negare
1154 570 1194 594 se
1226 557 1323 594 velle
1356 569 1506 605 pacem,

177 623 246 659 sed
273 634 353 658 non
382 620 510 657 minus
538 634 578 657 se
606 628 828 657 nostrorum
850 634 956 658 arma
984 620 1120 658 timere
1147 633 1264 669 quam
1286 620 1447 666 Antoni,
1471 627 1508 657 et

176 694 308 723 tamen
330 694 516 734 utrosque
537 698 617 722 non
640 685 724 722 sine
745 698 863 723 causa
883 685 1121 735 praesidium
1143 685 1355 731 habere,se
1375 692 1506 722 autem

176 759 340 800 utraque
360 764 467 788 arma
489 758 672 788 metuere.
735 750 843 798 Quid
865 750 1048 800 quaeris?
1077 751 1180 788 οὐδὲν
1199 751 1305 802 ὑγιές.

234 818 295 853 De
326 815 477 864 Quinto
505 815 584 853 filio
612 815 683 853 tibi
710 815 921 853 adsentior.
984 817 1085 853 Patri
1109 815 1270 865 quidem
1299 823 1401 853 certe
1427 828 1507 864 gra-
1525 823 1551 859 4

176 881 348 919 tissimae
377 881 501 919 bellae
529 889 618 919 tuae
645 881 794 919 litterae
822 883 987 918 fuerunt.
1049 880 1262 919 Caerelliae
1283 893 1374 918 vero
1395 880 1507 917 facile

175 946 267 984 satis
293 945 367 984 feci
383 961 392 993 3
427 959 500 984 nec
527 947 642 984 valde
671 947 846 984 laborare
877 946 972 983 mihi
1000 945 1081 983 visa
1111 954 1179 992 est,
1207 954 1243 983 et
1275 946 1305 983 si
1333 945 1406 991 illa,
1433 958 1506 994 ego

176 1020 280 1050 certe
319 1025 399 1049 non
439 1012 667 1049 laborarem.
746 1013 866 1049 Istam
906 1024 998 1048 vero
1030 1024 1148 1060 quam
1189 1010 1258 1048 tibi
1298 1011 1505 1048 molestam

176 1077 312 1114 scribis
333 1090 419 1114 esse
445 1076 620 1114 auditam
645 1090 668 1114 a
689 1083 726 1114 te
747 1090 832 1114 esse
853 1075 1018 1113 omnino
1039 1075 1220 1113 demiror.
1277 1076 1380 1112 Nam
1398 1075 1506 1124 quod

175 1155 262 1179 eam
284 1140 517 1178 conlaudavi
537 1141 644 1190 apud
663 1140 812 1178 amicos
838 1139 1091 1178 audientibus
1113 1139 1235 1177 tribus
1258 1139 1343 1176 filiis
1365 1139 1447 1177 eius
1468 1147 1505 1178 et

176 1207 253 1244 filia
273 1214 351 1249 tua,
377 1208 442 1245 ††‹3
464 1209 502 1243 ἐκ
521 1208 652 1244 τούτου
675 1205 771 1254 quid
792 1212 850 1243 est
870 1206 946 1243 hoc
960 1206 1003 1244 ?†

303 1271 433 1320 ‘Quid
455 1278 512 1309 est
532 1272 664 1308 autem
686 1283 753 1308 cur
774 1283 847 1320 ego
867 1271 1098 1319 personatus
1119 1270 1317 1308 ambulem
1333 1272 1348 1308 ?
1362 1271 1370 1287 ²

176 1339 369 1375 Parumne
391 1338 506 1374 foeda
528 1349 693 1386 persona
714 1344 771 1373 est
793 1335 913 1385 ipsius
935 1335 1176 1373 senectutis?
1217 1336 1338 1383 Quod
1361 1337 1503 1372 Brutus
1523 1343 1547 1381 5

174 1411 282 1452 rogat
310 1410 350 1440 ut
377 1410 468 1440 ante
497 1401 710 1447 Kalendas,
734 1401 784 1438 ad
815 1414 878 1438 me
908 1413 1068 1450 quoque
1098 1400 1250 1450 scripsit
1278 1408 1315 1438 et
1342 1401 1503 1438 fortasse

116 1482 129 1502 2
174 1468 324 1506 faciam.
389 1469 466 1506 Sed
496 1469 612 1518 plane
642 1467 739 1517 quid
765 1467 856 1505 velit
886 1467 1033 1505 nescio.
1092 1467 1200 1516 Quid
1228 1468 1332 1506 enim
1360 1468 1413 1505 illi
1440 1469 1505 1506 ad-

172 1535 269 1571 ferre
299 1533 436 1571 consili
464 1546 637 1582 possum,
665 1545 755 1570 cum
784 1531 866 1581 ipse
897 1545 1032 1581 egeam
1063 1532 1229 1570 consilio
1259 1540 1296 1570 et
1321 1546 1411 1570 cum
1439 1532 1502 1570 ille

171 1612 264 1636 suae
299 1597 579 1636 immortalitati
619 1596 757 1635 melius
796 1610 915 1646 quam
951 1605 1085 1635 nostro
1119 1597 1201 1635 otio
1235 1597 1502 1635 consuluerit?

174 1665 234 1701 De
262 1664 393 1713 regina
420 1676 552 1702 rumor
581 1662 849 1712 exstinguitur.
910 1664 971 1700 De
997 1664 1184 1710 Flamma,
1209 1663 1373 1701 obsecro
1397 1670 1448 1709 te,
1469 1663 1500 1700 si

170 1729 266 1779 quid
287 1737 411 1779 potes.

213 1878 267 1912 Ia,
437 1880 506 1911 Ssr.
526 1881 558 1910 in
575 1879 778 1911 Sinuessano
793 1891 837 1910 :cv
855 1880 897 1911 K.
920 1879 994 1912 Ilm.
1015 1891 1044 1912 a.
1066 1891 1121 1920 710
1140 1881 1228 1923 (44),

576 1967 746 1998 CICERO
777 1968 957 1998 ATTICO
970 2004 971 2007 ,
985 1968 1090 1999 SAL.

223 2060 331 2096 Here
358 2059 544 2096 dederam
575 2058 625 2095 ad
649 2065 686 2095 te
711 2057 855 2095 litteras
881 2057 1012 2095 exiens
1040 2072 1061 2096 e
1082 2061 1302 2097 Puteolano
1326 2061 1497 2098 deverte-
1517 2071 1533 2097 1

168 2136 329 2173 ramque
356 2122 395 2159 in
418 2123 655 2162 Cumanum.
716 2121 778 2160 Ibi
806 2122 908 2160 bene
932 2124 1127 2161 valentem
1148 2123 1321 2162 videram
1344 2125 1492 2162 Piliam.

212 2238 250 2258 10
274 2233 356 2267 grat.
383 2227 491 2257 bellae
509 2227 639 2258 Baiter:
665 2231 750 2265 grat.
780 2232 813 2257 et
837 2227 946 2257 bellae
971 2227 1012 2256 JV!
1162 2230 1199 2259 16
1223 2229 1288 2259 755‘
1305 2230 1339 2259 ἐκ
1355 2228 1494 2263 roth-ov,-

170 2270 312 2310 Tyrrell:
336 2270 368 2301 τί
383 2272 418 2300 ἐκ
434 2270 570 2302 roffi-ov:
595 2269 725 2308 Kayser
822 2271 861 2300 16
875 2271 956 2309 quid
974 2275 1025 2300 est
1044 2271 1128 2302 hoc?
1153 2273 1219 2303 secl.
1240 2271 1359 2303 Lamb.
1457 2283 1493 2310 17

166 2325 296 2344 versum
313 2318 421 2354 poetae
437 2313 574 2354 dispexit
590 2312 727 2343 Palmer
836 2324 877 2343 20
894 2313 939 2343 illi
958 2311 999 2342 Μ
1002 2316 1011 2331 ²
1027 2325 1034 2345 x
1061 2315 1114 2345 illa
1133 2314 1173 2344 M
1177 2315 1185 2332 ¹
1314 2327 1353 2355 25
1370 2316 1455 2346 hanc
1469 2319 1497 2345 el

165 2359 324 2397 sequentis
345 2363 409 2398 epp.
434 2357 535 2387 huius
558 2356 631 2387 libri
652 2368 717 2387 uno
741 2360 845 2387 tenore
866 2355 925 2386 dat
944 2355 985 2386 M
1114 2369 1154 2398 27
1182 2359 1275 2389 Here
1295 2360 1322 2389 C
1333 2372 1338 2389 :
1369 2359 1495 2389 Hercle

166 2401 223 2431 M:
251 2401 334 2431 Heri
353 2401 485 2431 Ernesti
