1742 2651
606 130 718 166 EPP.
751 130 828 165 AD
859 128 1118 166 ATTICVM
1411 127 1521 163 XIV.
1543 137 1573 162 v

196 243 343 280 laudari
376 249 495 291 atque
528 241 648 279 amari
689 241 756 278 sed
797 239 1009 290 parietibus
1044 237 1245 276 contineri.
1306 239 1438 287 Atque
1468 237 1519 274 illi

195 320 358 356 quoquo
387 307 509 345 modo
540 305 655 351 beati,
679 305 814 343 civitas
839 303 989 342 misera.
1049 304 1126 341 Sed
1152 302 1267 340 velim
1299 302 1395 340 scire
1426 302 1521 351 quid
1541 310 1565 346 3

180 373 386 409 adventus
422 370 571 417 Octavi,
605 383 699 407 num
734 368 801 418 qui
833 381 1045 407 concursus
1076 368 1127 405 ad
1159 381 1260 413 eum,
1293 381 1388 404 num
1423 381 1523 416 quae

144 974 180 996 10

143 1297 178 1327 ¹5

196 439 440 486 νεωτερισμοῦ
461 435 643 488 suspicio.
703 436 796 472 Non
824 441 920 483 puto
941 432 1137 482 equidem,
1162 433 1232 470 sed
1253 439 1396 479 tamen,
1420 433 1525 482 quic-

196 501 291 551 quid
313 509 384 549 est,
398 501 495 540 scire
520 500 648 551 cupio.
711 501 825 538 Haec
841 497 976 548 scripsi
992 498 1043 536 ad
1057 505 1094 535 te
1112 496 1364 547 proficiscens
1382 499 1526 536 Astura

198 579 242 604 111
268 567 374 604 Idus.

241 713 307 748 VI
492 716 559 747 Ser.
578 715 712 746 Fundis
724 714 811 755 prid.
831 714 881 745 Id.
902 713 987 754 Apr.
1009 725 1039 745 a.
1063 724 1120 754 710
1139 714 1228 755 (44).

603 803 777 834 CICERO
810 802 981 833 ATTICO
1015 803 1049 833 S.
1080 802 1119 833 D.

254 891 383 930 Pridie
406 892 502 930 Idus
530 891 679 929 Fundis
704 891 838 941 accepi
865 899 950 929 tuas
971 891 1116 930 litteras
1137 905 1293 930 cenans.
1355 891 1528 930 Primum
1548 905 1564 931 1

199 957 313 1008 igitur
343 957 482 996 melius
503 970 598 1003 esse,
623 956 768 995 deinde
798 958 958 995 meliora
978 965 1016 995 te
1036 957 1226 996 nuntiare.
1287 957 1438 996 Odiosa
1467 957 1531 995 illa

199 1023 304 1061 enim
326 1024 490 1067 fuerant,
516 1021 689 1071 legiones
711 1022 853 1060 venire.
914 1024 1017 1060 Nam
1039 1023 1089 1061 de
1111 1022 1277 1061 Octavio
1298 1036 1443 1072 susque
1467 1024 1531 1061 de-

199 1101 287 1138 que.
332 1089 530 1137 Exspecto
552 1087 648 1136 quid
667 1089 718 1126 de
742 1088 895 1135 Mari03
925 1102 1043 1137 quem
1064 1087 1226 1137 quidem
1243 1102 1316 1138 ego
1333 1088 1530 1126 sublatum

199 1154 311 1191 rebar
330 1167 353 1190 a
375 1153 554 1191 Caesare.
600 1153 775 1190 Antonio
797 1152 1053 1202 conloquium
1076 1166 1165 1190 cum
1187 1152 1372 1191 heroibus
1390 1154 1531 1192 nostris

200 1232 270 1269 pro
293 1231 332 1256 re
354 1225 446 1255 nata
468 1230 548 1255 non
572 1218 884 1256 incommodum.
946 1219 1024 1256 Sed
1046 1226 1178 1256 tamen
1198 1219 1329 1256 adhuc
1350 1232 1414 1256 me
1434 1218 1530 1256 nihil

199 1284 369 1321 delectat
398 1290 550 1332 praeter
584 1284 679 1321 Idus
703 1285 874 1321 Martias.
936 1285 1038 1321 Nam
1062 1284 1250 1333 quoniam
1273 1283 1421 1322 Fundis
1443 1297 1528 1321 sum

199 1363 288 1386 cum
322 1349 463 1399 Ligure
495 1356 640 1395 nostro,
664 1349 878 1387 discrucior
912 1349 1044 1387 Sextili
1070 1351 1236 1387 fundum
1266 1363 1289 1387 a
1314 1350 1528 1388 verberone

200 1414 365 1453 Curtilio
394 1414 596 1465 possideri.
658 1416 779 1464 Quod
806 1428 897 1452 cum
927 1414 1028 1460 dico,
1061 1415 1111 1452 de
1141 1422 1224 1453 toto
1253 1428 1395 1464 genere
1425 1416 1526 1454 dico.
1547 1425 1571 1451 2

201 1481 308 1528 Quid
330 1479 435 1518 enim
458 1480 635 1518 miserius
665 1494 783 1530 quam
812 1494 858 1518 ea
882 1493 953 1517 nos
981 1479 1079 1518 tueri
1104 1488 1263 1529 propter
1292 1494 1393 1530 quae
1421 1482 1529 1519 illum

200 1546 439 1583 oderamus?
469 1545 639 1584 etiamne
676 1547 858 1584 consules
889 1553 926 1583 et
956 1545 1134 1582 tribunos
1169 1546 1218 1594 pl.
1251 1545 1291 1582 in
1326 1545 1530 1584 biennium

142 1625 156 1645 2
201 1624 301 1660 quos
336 1610 400 1648 ille
431 1611 586 1648 voluit?
643 1613 765 1649 Nullo
801 1612 923 1649 modo
957 1610 1108 1660 reperio
1140 1623 1257 1660 quem
1279 1612 1328 1649 ad
1365 1613 1529 1650 modum

200 1675 347 1725 possim
369 1677 642 1714 πολιτεύεσθαι.
704 1676 812 1714 Nihil
842 1675 946 1714 enim
969 1683 1048 1713 tam
1069 1677 1246 1713 σόλοικον
1267 1690 1384 1726 quam
1407 1684 1530 1725 tyran-

199 1748 393 1779 noctonos
424 1741 462 1779 in
493 1743 603 1780 caelo
639 1755 737 1788 esse,
769 1741 920 1791 tyranni
949 1743 1051 1779 sacta
1081 1741 1252 1779 defendi.
1313 1743 1391 1780 Sed
1421 1741 1529 1780 vides

199 1807 392 1853 consules,
434 1806 543 1844 vides
583 1807 753 1856 reliquos
798 1808 1056 1856 magistratUS,
1097 1807 1128 1844 si
1168 1806 1230 1844 isti
1270 1806 1527 1856 magistratus,

199 1870 308 1909 vides
329 1873 557 1921 languorem
574 1872 781 1910 bonorum.
843 1874 1050 1910 Exsultant
1067 1871 1212 1910 laetitia
1232 1871 1271 1909 in
1293 1872 1526 1922 municipiis.

163 1936 288 1980 :Dici
329 1936 434 1974 enim
474 1951 555 1975 non
589 1944 719 1986 potest
749 1945 898 1987 quanto
929 1951 1047 1986 opere
1076 1938 1285 1986 gaudeant,
1315 1945 1356 1976 ut
1385 1939 1436 1976 ad
1467 1952 1530 1976 me

199 2009 443 2048 concurrant,
481 2010 522 2039 ut
553 2002 689 2040 audire
719 2004 879 2052 cupiant
912 2016 999 2040 mea
1030 2003 1148 2040 verba
1180 2004 1230 2041 de
1264 2016 1303 2041 re
1338 2017 1373 2052 p.
1444 2005 1530 2042 Nec

199 2067 277 2103 ulla
315 2067 462 2104 interea
506 2067 672 2105 decreta.
743 2067 806 2105 Sic
850 2067 954 2105 enim
993 2069 1290 2118 πεπολιτεύμεθα
1327 2076 1370 2107 ut
1408 2068 1530 2107 victos

199 2138 474 2169 metueremus.

247 2245 259 2263 1
286 2233 390 2274 Atqui
409 2235 532 2266 Rosius
728 2247 747 2266 2
770 2238 826 2276 qui
848 2236 1038 2278 IVcscnbcrg
1227 2250 1265 2270 10
1289 2238 1405 2280 igitur]
1425 2238 1533 2270 laetor

201 2277 259 2307 tibi
274 2280 352 2309 coni.
366 2279 452 2309 Boot
612 2290 646 2310 11
674 2290 798 2319 susque
824 2282 933 2320 deque
959 2281 1003 2312 C:
1028 2281 1074 2311 sis
1095 2292 1161 2321 que
1179 2283 1220 2313 de
1241 2284 1263 2321 q
1284 2283 1336 2312 M¹
1494 2293 1531 2313 12

200 2321 228 2350 si
253 2325 329 2351 ante
348 2323 427 2361 quid
453 2323 528 2353 add.
551 2323 625 2353 Otto
761 2326 799 2354 16
824 2325 1002 2355 discrutior
1020 2326 1150 2356 Sestilii
1170 2326 1216 2356 C:
1241 2327 1424 2357 distructor
1447 2327 1530 2357 sesti

201 2364 248 2393 illi
275 2365 342 2395 RF
367 2366 410 2407 (is
438 2366 574 2403 Sexti>t
616 2367 787 2397 destructo
820 2378 874 2398 res
907 2373 957 2398 est
983 2368 1040 2399 ulli
1065 2367 1107 2398 M
1235 2380 1273 2400 21
1301 2381 1401 2409 quam
1422 2369 1530 2401 CM2:

201 2417 275 2438 cum
290 2407 344 2438 Ml
450 2411 492 2440 26
516 2420 546 2449 p.
567 2409 645 2440 JW:
670 2421 736 2440 om.
751 2410 803 2440 M¹
