1742 2651
110 854 148 876 10

113 1323 149 1353 15

111 1653 149 1674 20

585 141 697 177 EPP.
730 141 808 177 AD
838 140 1098 178 ATTICVM
1457 142 1503 177 X.
1523 151 1551 176 X

166 262 262 303 puto
310 268 409 304 opus
458 267 553 292 esse.
628 252 708 290 Hic
757 260 887 290 tamen
931 251 1144 301 Cytherida
1188 265 1321 290 secum
1362 251 1499 290 lectica
1519 262 1544 301 5

165 326 298 368 aperta
341 326 479 369 portat,
521 320 682 356 alteram
722 331 892 355 uxorem.
971 319 1130 367 Septem
1171 325 1370 366 praeterea
1409 330 1500 355 con-

166 383 323 421 iunctae
344 383 506 421 lecticae
530 383 744 420 amicarum
770 390 860 419 sunt
886 395 939 419 cm
962 381 1191 419 amicorum.
1250 381 1354 419 Vide
1379 395 1498 431 quam

166 448 269 498 turpi
290 450 368 486 leto
392 461 598 498 pereamus
629 455 666 485 et
687 447 835 493 dubita,
859 446 891 484 si
914 454 1038 496 pote5‚
1063 446 1157 496 quin
1183 446 1257 493 ille,
1281 460 1349 484 seu
1375 446 1499 484 victus

167 526 235 550 seu
274 513 397 550 victor
431 512 597 558 redierit,
634 513 797 550 caedem
837 512 1007 548 facturus
1047 510 1104 549 sit.
1184 513 1270 561 Ego
1309 524 1400 549 vero
1439 512 1500 549 vel

167 577 388 624 luntriculo,
416 578 447 615 si
477 577 586 615 navis
615 591 697 615 non
727 576 807 623 erit,
831 576 992 626 eripiam
1024 590 1087 614 me
1117 590 1163 614 ex
1192 576 1355 614 istorum
1386 575 1501 626 parri-

166 642 282 680 cidio.
343 644 421 681 Sed
443 645 553 692 plura
574 642 741 680 scribam
763 655 853 679 cum
875 641 985 679 illum
1006 654 1240 679 convenero.

222 709 411 746 Iuvenem
434 716 611 746 nostrum
632 721 712 745 non
733 720 894 757 possum
919 721 1000 745 non
1023 720 1154 745 amare
1181 708 1251 745 sed
1275 707 1325 745 ab
1353 720 1400 745 eo
1425 720 1497 744 nos
1517 707 1544 744 6

167 786 247 810 non
268 772 389 810 amari
410 774 526 822 plane
546 772 741 821 intellego.
793 771 902 809 Nihil
923 785 996 821 ego
1017 771 1094 809 vidi
1117 779 1196 809 tam
1218 773 1497 821 ἀνηθοποίητον,

168 846 247 875 tam
274 851 453 875 aversum
481 852 503 875 a
527 837 617 884 suis,
641 845 719 875 tam
748 837 882 874 nescio
907 837 1003 886 quid
1031 836 1217 886 cogitans.
1282 839 1317 876 O
1342 837 1419 875 vim
1448 837 1503 875 in-

168 902 398 941 credibilem
425 902 716 940 molestiarum!
758 903 836 940 Sed
864 901 934 939 erit
964 915 1079 940 curae
1109 910 1146 940 et
1177 910 1234 941 est
1265 911 1306 941 ut
1336 910 1499 952 regatur.

170 968 317 1006 Mirum
340 975 397 1006 est
419 967 524 1006 enim
546 966 757 1018 ingenium,
781 967 892 1016 ἤθους
912 968 1164 1017 ἐπιμελητέον,

212 1142 279 1176 XI
453 1144 521 1176 Ser.
542 1145 575 1175 in
594 1144 749 1175 Cumano
766 1145 797 1174 z'v
812 1143 897 1175 Non.
916 1143 998 1176 Mai.
1015 1155 1044 1176 a.
1067 1155 1120 1184 705
1138 1144 1224 1186 (49).

583 1230 753 1261 CICERO
776 1231 808 1260 Α
821 1231 957 1261 TTICO
980 1231 1084 1268 SAL.

225 1310 443 1360 Obsignata
468 1309 544 1347 iam
572 1309 738 1359 epistula
763 1309 960 1358 superiore
988 1323 1068 1346 non
1097 1309 1242 1359 placuit
1270 1310 1305 1348 ei
1330 1310 1411 1348 dari
1440 1312 1501 1349 cui
1523 1325 1539 1351 1

169 1376 449 1414 constitueram
484 1376 591 1424 quod
622 1382 702 1412 erat
732 1374 892 1412 alienus.
960 1376 1099 1424 Itaque
1129 1389 1177 1413 eo
1207 1375 1271 1414 die
1301 1377 1391 1414 data
1422 1390 1502 1414 non

170 1450 237 1479 est.
300 1441 461 1478 Interim
485 1440 590 1477 venit
613 1439 847 1477 Philotimus
869 1448 906 1477 et
928 1440 1023 1477 mihi
1044 1453 1066 1477 a
1087 1448 1124 1478 te
1149 1440 1294 1478 litteras
1319 1441 1500 1479 reddidit.

170 1507 327 1556 Quibus
349 1520 450 1555 quae
478 1507 527 1543 de
555 1507 669 1543 fratre
696 1518 787 1542 meo
815 1505 961 1553 scribis,
985 1513 1075 1543 sunt
1103 1519 1148 1543 ea
1176 1506 1337 1555 quidem
1365 1521 1502 1556 parum

170 1574 280 1610 firma
307 1573 376 1610 sed
408 1572 554 1609 habent
582 1571 678 1608 nihil
706 1572 876 1617 ὕπουλον,
901 1571 997 1608 nihil
1024 1572 1148 1617 fallax,
1172 1572 1269 1609 nihil
1297 1586 1377 1609 non
1402 1573 1504 1610 flexi-

170 1637 248 1675 bile
276 1638 327 1675 ad
356 1636 584 1682 bonitatem,
615 1635 711 1673 nihil
739 1637 847 1685 quod
874 1649 955 1674 non
986 1650 1065 1686 quo
1093 1637 1186 1674 velis
1214 1650 1294 1674 uno
1322 1651 1503 1676 sermone

170 1702 295 1752 possis
338 1703 577 1752 perducere3
625 1715 674 1739 ne
715 1703 847 1748 multa,
889 1701 1017 1739 omnis
1057 1715 1159 1748 suos,
1202 1701 1318 1739 etiarn
1359 1702 1502 1752 quibus

170 1767 345 1805 irascitur
379 1766 562 1812 crebrius,
594 1774 726 1804 tamen
757 1780 866 1804 caros
896 1767 1026 1812 habet,
1060 1780 1123 1804 me
1154 1766 1315 1816 quidem
1346 1780 1386 1805 se
1416 1767 1502 1817 ipso

170 1832 368 1870 cariorem.
421 1833 542 1879 Quod
564 1832 613 1869 de
633 1845 755 1881 puero
775 1832 886 1869 aliter
905 1833 955 1869 ad
977 1839 1014 1869 te
1035 1831 1187 1881 scripsit
1208 1839 1246 1870 et
1266 1833 1316 1870 ad
1338 1840 1501 1870 matrem

169 1899 220 1935 de
255 1897 346 1944 filio,
383 1911 463 1934 non
499 1898 754 1946 reprehendo.
816 1899 877 1935 De
908 1896 1059 1945 Quinto
1094 1905 1131 1935 et
1161 1898 1211 1936 de
1241 1910 1371 1935 sorore
1401 1911 1502 1947 quae

132 1980 147 2010 ,-
171 1965 306 2003 scribis
337 1966 502 2002 molesta
532 1972 622 2001 sunt
652 1977 779 2013 eoque
807 1963 929 2013 magis
957 1965 1065 2012 quod
1094 1977 1138 2001 ea
1166 1971 1343 2013 tempora
1370 1971 1502 2001 nostra

170 2038 260 2068 sunt
284 2038 326 2068 ut
354 2044 426 2079 ego
454 2030 498 2067 iis
527 2029 674 2067 mederi
702 2043 781 2067 non
812 2029 971 2079 possim.
1032 2030 1135 2066 Nam
1166 2037 1269 2067 certe
1300 2030 1500 2076 mederer3

215 2145 229 2164 1
256 2139 329 2165 ante
346 2134 533 2174 Cytherida
550 2133 688 2165 addend.
710 2134 893 2173 Cytherius
911 2133 1026 2163 com'ecz'
1039 2133 1104 2163 coll.
1119 2144 1173 2164 xv.
1188 2143 1229 2162 22
1349 2143 1368 2162 2
1394 2133 1499 2163 altera

169 2182 240 2209 vett.
403 2188 422 2216 3
448 2183 525 2208 sunt
541 2188 585 2207 an
610 2177 749 2208 Bosins:
786 2182 864 2207 sunt
887 2176 939 2206 Μ]
958 2188 965 2206 :
1000 2188 1039 2207 ee
1066 2182 1144 2207 sunt
1172 2176 1225 2206 M2
1359 2187 1389 2215 5,
1404 2179 1424 2206 6
1447 2177 1499 2206 vel

169 2221 351 2253 luntriculo
365 2221 461 2252 Vict.:
486 2221 615 2251 vellunt
633 2221 775 2251 ridiculo
788 2220 842 2250 M¹
861 2233 867 2251 z
887 2220 962 2250 velo
981 2220 1120 2250 ridiculo
1135 2220 1212 2250 JW'2:
1238 2221 1290 2250 vel
1309 2220 1500 2250 lutridiculo

169 2264 200 2294 Z
319 2276 358 2295 10
383 2265 413 2295 O
437 2264 512 2295 add.
541 2264 665 2294 Mtiller
785 2274 819 2293 11
847 2264 896 2304 et]
927 2268 962 2293 ut
987 2264 1064 2293 coni.
1089 2262 1277 2304 lsls'esenbepg
1400 2264 1437 2293 18
1462 2274 1501 2293 ea

168 2309 305 2347 quidem
322 2310 364 2339 I:
395 2309 549 2347 equidem
569 2307 610 2336 M
723 2317 761 2346 19
785 2308 887 2337 habet
909 2308 986 2337 coni.
1010 2306 1198 2347 Wesenbmg
1306 2318 1345 2346 24
1371 2307 1500 2345 Quinto

175 2352 311 2390 Tyrrell:
331 2353 415 2382 itine
427 2345 549 2382 MZlb:
568 2351 690 2381 itinere
703 2352 807 2391 vulga
829 2351 957 2389 Quinto
974 2351 1076 2381 fratre
1089 2350 1228 2381 Mz‘iller:
1247 2351 1336 2381 affini
1351 2349 1502 2381 Schmidt

171 2404 210 2434 25
236 2396 369 2435 scribis]
390 2395 437 2425 ad
452 2396 517 2425 -bis
534 2396 650 2424 iseram
668 2395 777 2434 1'ncip1't
797 2393 841 2422 W
