1742 2651
122 528 139 559 5

101 851 141 874 10

99 1177 134 1208 15

96 1502 136 1523 20

94 1828 130 1858 25

584 143 695 180 EPP.
729 143 805 179 AD
836 142 1095 179 ATTICVM
1436 144 1483 179 X.
1504 142 1563 178 xii
1579 155 1601 179 a

163 260 199 289 et
224 253 369 299 dolore,
394 253 425 291 si
453 255 666 303 neglegam,
690 253 906 303 periculum
933 252 981 289 sit
1008 266 1058 290 ne
1085 252 1124 289 in
1152 266 1291 290 manus
1318 252 1490 290 incidam

162 317 414 366 perditorum.
456 320 534 356 Sed
550 319 640 357 vide
661 318 816 368 quantis
838 317 877 355 in
899 317 1061 355 miseriis
1083 317 1215 355 simus.
1259 319 1490 367 Optandum

161 381 359 420 interdum
393 383 547 421 videtur
580 392 622 422 ut
650 383 822 432 aliquam
851 382 1090 432 accipiamus
1120 383 1171 420 ab
1201 382 1282 421 istis
1312 383 1491 433 quamvis

160 448 342 485 acerbam
381 447 573 494 iniuriam,
615 456 657 486 ut
696 457 860 497 tyranno
904 448 943 485 in
983 447 1076 486 odio
1119 447 1237 486 fuisse
1276 448 1488 487 videamur.

162 512 283 559 Quod
304 512 335 551 si
359 513 475 551 nobis
502 514 533 551 is
564 528 698 551 cursus
729 528 847 563 quem
868 527 1063 563 speraram
1084 521 1243 563 pateret,
1275 514 1490 552 effecissem
1511 524 1535 552 2
1557 515 1611 566 (5)

159 576 309 625 aliquid
343 579 530 627 profecto,
568 587 610 616 ut
645 587 685 616 tu
721 586 832 628 optas
867 586 904 616 et
944 578 1118 624 hortaris,
1157 578 1320 628 dignum
1360 587 1491 617 nostra

160 655 279 680 mora.
350 644 428 680 Sed
464 643 650 681 mirificae
687 652 778 681 sunt
813 643 1016 682 custodiae
1046 651 1083 681 et
1118 643 1280 693 quidem
1315 644 1378 682 ille
1408 644 1491 694 ipse

161 706 282 745 Curio
316 716 531 757 suspectus.
592 710 683 757 Qua
716 722 755 746 re
784 708 821 745 vi
849 716 916 746 aut
946 710 1047 746 clam
1076 710 1273 759 agendum
1305 717 1361 747 est
1392 717 1429 748 et
1459 709 1490 748 si

160 770 225 810 †vi
245 772 344 810 forte
364 786 414 810 ne
439 786 530 810 cum
551 781 701 822 pestate
725 775 895 811 clamant
916 773 1098 813 emistis-t.
1161 775 1208 811 In
1229 787 1308 823 quo
1329 773 1359 811 si
1381 775 1488 823 quod

160 837 333 886 σφάλμα,
366 837 475 876 vides
503 852 622 888 quam
653 846 764 888 turpe
791 838 849 876 sit.
909 838 1128 885 Trahimur,
1159 852 1231 876 nec
1259 838 1489 888 fugiendum

158 901 190 939 si
210 901 305 951 quid
326 902 545 940 violentius.

214 968 275 1005 De
297 967 433 1005 Caelio
454 981 570 1017 saepe
599 981 755 1006 mecum
781 967 886 1018 agito
914 981 997 1014 nec,
1022 967 1052 1006 si
1078 968 1173 1018 quid
1201 969 1375 1007 habuero
1400 970 1486 1016 tale,
1510 980 1534 1018 3
1555 969 1610 1022 (6)

157 1031 365 1070 dimittam.
439 1032 654 1082 Hispanias
689 1046 803 1083 spero
842 1034 972 1071 firmas
1012 1047 1106 1072 esse.
1182 1033 1489 1072 Massiliensium

157 1098 304 1134 factum
335 1111 425 1135 cum
456 1097 584 1147 ipsum
614 1112 683 1148 per
712 1111 753 1136 se
782 1100 1026 1136 luculentum
1057 1106 1115 1137 est
1144 1106 1227 1137 tum
1258 1099 1354 1136 mihi
1383 1112 1490 1149 argu-

158 1171 292 1200 mento
313 1170 371 1200 est
398 1171 502 1201 recte
526 1176 611 1201 esse
638 1163 678 1200 in
707 1162 922 1213 Hispaniis.
984 1163 1119 1201 Minus
1150 1163 1255 1201 enim
1285 1164 1485 1210 auderent,

156 1226 187 1264 si
213 1227 324 1265 aliter
350 1236 451 1266 esset
476 1235 514 1266 et
544 1228 710 1270 scirent:
745 1242 836 1265 nam
866 1235 904 1266 et
933 1228 1051 1266 vicini
1081 1236 1118 1266 et
1148 1227 1354 1277 diligentes
1385 1236 1484 1266 sunt.

156 1292 306 1330 Odium
340 1301 472 1331 autem
508 1301 611 1331 recte
646 1293 924 1331 animadvertis
960 1292 1220 1342 significatum
1250 1295 1291 1331 in
1321 1294 1484 1331 theatro.

156 1357 349 1407 Legiones
384 1358 501 1396 etiam
532 1360 601 1396 has
636 1371 732 1408 quas
766 1358 806 1395 in
842 1358 956 1396 Italia
986 1357 1196 1408 assumpsit
1229 1358 1486 1396 alienissimas

155 1436 240 1460 esse
278 1423 405 1461 video.
479 1425 557 1461 Sed
592 1431 724 1461 tamen
763 1423 861 1461 nihil
900 1423 1095 1461 inimicius
1134 1436 1253 1472 quam
1286 1423 1359 1461 sibi
1389 1423 1482 1472 ipse.

156 1488 260 1526 Illud
288 1496 391 1526 recte
419 1488 532 1526 times
561 1502 610 1526 ne
634 1496 729 1526 ruat.
789 1488 829 1526 Si
856 1488 1080 1537 desperarit,
1107 1495 1210 1526 certe
1238 1495 1332 1526 ruet.
1392 1489 1485 1536 Quo

154 1553 276 1602 magis
297 1553 549 1591 efficiendum
569 1553 718 1603 aliquid
739 1561 807 1599 est,
832 1554 986 1591 fortuna
1013 1553 1129 1590 velim
1157 1552 1328 1599 meliore,
1351 1553 1484 1590 animo

154 1618 353 1657 Caeliano.
414 1620 492 1657 Sed
512 1619 682 1668 primum
704 1619 890 1668 quidque.
946 1619 1077 1666 Quod,
1095 1619 1383 1667 qualecumque
1400 1618 1480 1664 erit,

152 1684 342 1722 continuo
378 1684 486 1722 scies.
547 1686 632 1722 Nos
666 1683 808 1731 iuveni,
841 1691 882 1721 ut
917 1696 1038 1732 rogas,
1071 1682 1412 1732 suppeditabimus
1446 1690 1483 1721 et
1503 1690 1528 1726 4
1550 1679 1606 1732 (7)

153 1750 473 1799 Peloponnesum
518 1750 642 1799 ipsam
689 1749 980 1787 sustinebimus.
1060 1750 1130 1785 Est
1173 1747 1277 1786 enim
1317 1747 1480 1795 indoles,

153 1815 274 1852 modo
294 1814 455 1864 aliquod
474 1820 485 1852 ’ἰ
502 1815 577 1852 hoc
599 1814 646 1852 sit
666 1815 755 1864 ἦθος
776 1816 1098 1853 ΑΚΙΜΟΑΟΝῨ.
1159 1813 1280 1861 Quod
1301 1812 1331 1850 si
1352 1814 1483 1851 adhuc

152 1880 302 1916 nullum
333 1887 401 1925 est,
431 1893 516 1917 esse
543 1887 675 1917 tamen
702 1887 842 1929 potest,
871 1886 937 1916 aut
967 1878 1076 1927 ἀρετὴ
1105 1890 1185 1915 non
1216 1884 1273 1915 est
1303 1878 1479 1926 διδακτόν,

151 1944 259 1992 quod
280 1943 375 1981 mihi
397 1943 619 1993 persuaderi
642 1957 721 1982 non
742 1951 881 1992 potest.

197 2058 209 2077 1
237 2049 280 2078 sit
300 2048 436 2079 Lamb.:
462 2053 512 2078 est
529 2048 616 2080 codd.
775 2049 805 2081 8.
820 2059 840 2087 9
865 2053 898 2078 et
915 2048 943 2077 si
962 2048 994 2077 vi
1014 2047 1098 2077 forte
1117 2058 1158 2077 ne
1176 2057 1251 2077 cum
1269 2052 1401 2087 pestate
1420 2047 1479 2079 M:

150 2095 183 2121 et
200 2092 228 2121 si
245 2093 277 2121 vi
296 2092 382 2122 sorte
405 2097 439 2123 et
459 2102 533 2122 cum
551 2097 752 2131 tempestate
770 2092 853 2122 Ant.
870 2092 917 2121 F:
943 2092 1006 2122 etsi
1024 2091 1074 2120 vis
1095 2091 1252 2121 fortunae
1271 2094 1340 2131 (qn.
1361 2092 1424 2131 est)
1446 2092 1479 2121 in

150 2139 319 2173 potestate
332 2135 489 2176 AWadvt'g:
511 2140 545 2165 et
563 2136 591 2165 si
605 2136 646 2168 vi
662 2136 794 2165 fortiter
809 2146 847 2165 ac
861 2135 1061 2174 tempestive
1076 2134 1193 2164 Or'2ellz
1213 2135 1276 2165 etsi
1292 2135 1322 2164 vi
1340 2135 1452 2165 forte
1445 2145 1476 2165 in

150 2183 388 2218 tempestatem
405 2178 558 2209 Schmidt
646 2179 728 2209 clam
746 2184 858 2209 autern
877 2179 971 2209 istis?
996 2177 1155 2215 Sclznnffdt
1175 2177 1231 2208 sed
1246 2178 1329 2208 clam
1343 2183 1476 2218 pmepo-

147 2222 261 2252 sitione
276 2233 342 2252 non
362 2223 466 2252 utitur
481 2222 585 2253 Cicero
676 2232 715 2252 10
739 2223 783 2252 sit
801 2222 1010 2262 Malaspma.
1037 2225 1089 2251 est
1106 2221 1165 2250 JW:
1191 2222 1251 2251 sed
1272 2221 1477 2252 Θιοηουιιιεε

149 2275 230 2304 ergo
252 2265 405 2296 Schmidt
508 2267 546 2295 16
570 2265 673 2295 vicini
694 2265 793 2297 V1'.·ct
818 2265 896 2295 xicti
914 2259 1002 2294 MZb
1107 2275 1144 2303 17
1171 2265 1204 2294 in
1221 2266 1354 2295 theatro
1370 2265 1476 2295 Boot:

148 2309 280 2339 theatro
297 2313 368 2339 vett.
386 2320 393 2339 z
418 2314 519 2339 -trum
538 2308 579 2338 M
726 2319 767 2347 24
792 2309 924 2339 indoles
948 2308 969 2338 I
982 2307 1083 2347 vulg.⁷
1103 2308 1140 2348 cf.
1161 2308 1207 2338 ad
1220 2307 1315 2339 Brut.
1335 2309 1354 2338 i.
1373 2309 1471 2346 18.4:

149 2351 304 2382 indolens
322 2352 363 2381 M
477 2362 517 2390 25
542 2356 617 2382 ante
634 2352 697 2382 hoc
717 2352 880 2382 addend.
872 2363 905 2381 in
927 2351 1006 2382 com'.
1027 2351 1216 2391 Wesenberg
1301 2351 1476 2390 ἀκίβδηλον

151 2393 322 2425 Turnebus
334 2396 441 2426 Cobet:
459 2395 675 2435 ἀλκιμώτερον
687 2395 856 2426 Schmidt:
875 2394 1045 2435 ἀξιόλογον
1061 2395 1183 2425 Gurlitt
1194 2406 1199 2426 :
1211 2395 1294 2433 sort.
1308 2394 1475 2430 ἄκαμπτον

146 2438 195 2468 vel
209 2438 357 2479 ἀκίνητον
