1742 2651
44 98 164 136 XIII.
185 98 277 134 xxii
563 97 617 133 M.
651 95 820 133 TVLLI
853 94 1160 133 CICERONIS

153 219 176 246 2
198 209 269 247 mis
291 209 396 247 enim
419 208 494 247 tuis
521 207 656 246 litteris
683 206 853 256 primum
881 213 918 244 te
943 205 983 244 id
1004 219 1084 243 non
1105 207 1210 244 nolle
1229 205 1406 255 cognovi.
1468 207 1529 244 De

199 275 389 312 Marcello
427 273 632 322 scripserat
671 273 721 310 ad
760 285 824 309 me
856 270 1015 310 Cassius
1052 278 1179 317 antea,
1213 272 1260 309 τὰ
1298 273 1390 308 κατὰ
1421 271 1530 320 μέρος

155 339 364 377 3Servius.
435 339 470 377 O
510 351 590 375 rem
629 336 838 374 acerbam!
910 336 974 373 Ad
1012 335 1137 385 prima
1177 336 1306 374 redeo.
1380 335 1531 385 Scripta

197 412 328 442 nostra
348 416 544 453 nusquam
575 403 679 440 malo
708 415 794 439 esse
814 414 932 450 quam
963 402 1069 450 apud
1097 408 1144 446 te,
1168 401 1237 438 sed
1259 414 1304 438 ea
1324 408 1408 437 tum
1429 401 1530 437 foras

195 469 277 507 dari
298 482 389 506 cum
417 467 571 516 utrique
599 474 775 503 nostrum
797 465 1002 503 videbitur.
1063 467 1148 514 Ego
1177 473 1215 503 et
1238 465 1414 503 librarios
1441 472 1529 503 tuos
1553 478 1565 485 ·

197 535 311 583 culpa
331 532 455 570 libero
476 545 605 580 neque
627 539 664 569 te
691 543 834 568 accuso
862 538 900 567 et
925 537 1056 567 tamen
1081 529 1186 568 aliud
1208 529 1398 579 quiddam
1419 531 1470 567 ad
1492 537 1529 567 te

196 598 435 648 scripseram,
456 597 687 636 Caerelliam
709 597 904 645 quaedam
926 596 1060 632 hahere
1078 609 1175 643 quae
1194 597 1272 633 m'si
1287 609 1311 632 α
1333 601 1366 632 te
1385 595 1530 633 habere

196 678 276 702 non
308 662 488 714 potuerit.
550 663 675 700 Balbo
707 661 868 711 quidem
904 661 1180 709 intellegebam
1212 668 1270 698 sat
1304 660 1529 699 faciendum

196 729 325 774 fuisse,
360 736 511 766 tantum
551 728 735 765 nolebam
768 734 835 764 aut
873 726 1097 763 obsoletum
1138 728 1259 764 Bruto
1297 734 1363 764 aut
1404 726 1529 763 Balbo

197 793 426 831 incohatum
455 791 549 831 dari.
608 791 785 837 Varroni,
816 790 930 828 simul
961 804 1006 828 ac
1036 797 1073 827 te
1100 790 1245 835 videro,
1275 790 1305 827 si
1336 789 1405 827 tibi
1427 789 1530 828 vide-

197 859 310 905 bitur,
327 858 490 896 mittam.
542 857 651 906 Quid
671 864 803 895 autem
825 855 1049 901 dubitarim,
1066 869 1156 893 cum
1177 855 1311 893 videro
1332 863 1380 902 te,
1400 854 1508 893 scies.

149 931 175 968 4
250 922 471 961 Attributos
503 922 612 972 quod
645 922 817 971 appellas
856 921 970 957 valde
1009 920 1142 969 probe.
1201 921 1260 957 Te
1289 921 1339 958 de
1369 919 1529 969 praedio

197 987 320 1026 Oviae
341 986 509 1025 exerceri
532 987 695 1024 moleste
716 986 808 1023 fero.
870 986 931 1022 De
954 986 1076 1022 Bruto
1104 992 1238 1022 nostro
1262 984 1527 1034 perodiosum,

196 1054 266 1091 sed
287 1053 364 1090 vita
391 1054 473 1090 fert.
535 1050 723 1089 Mulieres
752 1057 884 1087 autem
915 1049 977 1086 vix
1007 1048 1098 1086 satis
1128 1050 1301 1087 humane
1331 1062 1432 1098 quae
1460 1048 1529 1086 ini-

197 1118 300 1156 mico
320 1117 454 1156 animo
474 1118 609 1162 ferant,
633 1129 723 1154 cum
744 1116 784 1153 in
810 1123 973 1164 utraque
995 1114 1124 1152 officio
1152 1121 1293 1164 pareat.
1353 1114 1527 1152 Tullium
1571 1152 1582 1160 ι

197 1183 365 1221 scribam
392 1182 489 1220 nihil
516 1181 587 1219 fuit
609 1182 717 1230 quod
744 1181 984 1229 appellares:
1019 1193 1110 1216 nam
1132 1178 1202 1216 tibi
1226 1180 1476 1216 mandassem
1498 1178 1528 1216 si

196 1249 342 1286 fuisset.
403 1246 512 1285 Nihil
543 1245 648 1284 enim
681 1253 738 1283 est
776 1245 883 1294 apud
915 1258 1005 1282 eum
1037 1243 1209 1293 positum
1244 1243 1405 1281 nomine
1435 1243 1526 1289 voti,

196 1315 264 1352 sed
293 1320 350 1351 est
377 1312 567 1362 quiddam
597 1312 703 1361 apud
733 1311 841 1348 illum
873 1323 1016 1347 meum.
1078 1310 1125 1347 Id
1155 1322 1228 1359 ego
1254 1309 1294 1346 in
1321 1310 1423 1346 hanc
1447 1322 1527 1346 rem

196 1377 311 1417 statui
339 1379 525 1415 conferre.
586 1378 726 1425 Itaque
756 1383 793 1413 et
824 1388 896 1425 ego
926 1382 1029 1413 recte
1059 1375 1129 1412 tibi
1160 1374 1239 1413 dixi
1263 1374 1331 1412 ubi
1355 1382 1467 1420 esset,
1490 1382 1528 1412 et

195 1443 264 1480 tibi
297 1442 360 1480 ille
394 1449 498 1480 recte
529 1440 694 1490 negavit.
754 1441 831 1478 Sed
870 1442 947 1478 hoc
980 1454 1141 1490 quoque
1175 1440 1303 1490 ipsum
1338 1439 1528 1477 continuo

194 1507 427 1545 adoriamur.
488 1507 640 1543 Lucum
676 1504 904 1543 hominibus
936 1519 1016 1543 non
1048 1519 1142 1543 sane
1176 1506 1301 1555 probo
1330 1506 1438 1555 quod
1471 1512 1528 1542 est

195 1571 394 1617 desertior,
417 1572 486 1608 sed
513 1570 633 1608 habet
660 1571 841 1621 εὐλογίαν.
901 1573 1049 1609 Verum
1081 1573 1156 1610 hoc
1181 1585 1340 1621 quoque
1370 1578 1411 1608 ut
1442 1583 1528 1608 cen-

195 1636 327 1682 sueris,
351 1635 497 1685 quippe
527 1634 593 1684 qui
624 1634 767 1672 omnia.
829 1637 924 1685 Ego,
954 1644 996 1674 ut
1026 1636 1222 1682 constitui,
1254 1637 1384 1682 adero,
1411 1644 1528 1684 atque

197 1701 345 1739 utinam
381 1708 422 1738 tu
457 1713 617 1750 quoque
656 1702 797 1739 eodem
837 1701 924 1740 diel
983 1703 1049 1741 Sin
1090 1703 1186 1753 quid
1218 1703 1357 1752 <multa
1391 1701 1525 1750 enim),

195 1766 330 1815 utique
351 1765 549 1814 postridie.
612 1765 769 1803 Etenim
791 1768 1005 1806 coheredes
1027 1772 1071 1808 †a
1092 1768 1179 1818 quis
1199 1768 1282 1806 sine
1303 1776 1340 1805 te
1361 1766 1528 1817 opprimi
1574 1780 1585 1786 ·

149 1842 174 1880 5
195 1830 331 1868 militia
351 1835 445 1868 est†.
504 1830 647 1868 Alteris
669 1831 744 1868 iam
768 1832 902 1870 litteris
925 1832 1020 1870 nihil
1041 1835 1091 1871 ad
1113 1847 1176 1871 me
1195 1834 1239 1870 de
1259 1832 1399 1869 Attica.
1449 1832 1528 1869 Sed

194 1896 232 1934 id
265 1895 426 1945 quidem
463 1895 501 1933 in
532 1895 681 1945 optima
712 1910 780 1946 spe
810 1911 941 1947 pono;
982 1898 1077 1936 illud
1107 1911 1251 1936 accuso
1281 1911 1361 1934 non
1391 1904 1428 1934 te
1458 1897 1527 1934 sed

235 2012 255 2039 3
280 2001 310 2031 O
329 2001 416 2032 Crat.
437 2013 466 2033 v.
485 2014 506 2034 c.
529 2003 556 2032 L
578 2005 716 2042 fmarg&
737 2002 850 2033 codices
867 2002 967 2033 Bosi:
993 2014 1058 2034 om.
1078 2008 1131 2034 ΣΔ
1254 2013 1272 2041 5
1297 2003 1466 2032 videbitur
1484 2002 1526 2031 0¹

191 2045 301 2084 vulg:
324 2045 455 2075 vibetur
470 2047 529 2077 M:
553 2047 687 2076 iubetur
699 2045 799 2076 Rom.
813 2058 820 2076 :
842 2047 976 2076 videtur
992 2047 1180 2087 ll'menbmgr
1270 2056 1285 2084 7
1303 2046 1428 2076 habere
1439 2057 1527 2084 quae

192 2089 255 2118 nisi
273 2099 291 2118 a
307 2094 339 2118 te
354 2089 373 2117 I
384 2090 563 2120 Ascensius
580 2102 585 2120 :
611 2101 676 2120 0111.
694 2089 780 2120 codd.
877 2091 897 2119 8
919 2097 970 2121 sat
989 2091 1056 2121 CM
1064 2101 1090 2120 v.
1104 2102 1142 2121 ατ
1169 2090 1249 2120 satis
1266 2089 1434 2128 velt.,sort.
1454 2093 1528 2119 recle

196 2142 233 2161 12
258 2132 361 2170 probo
385 2132 527 2173 ch'J'(fflin
680 2143 719 2171 13
744 2132 849 2163 Oviae
866 2132 1011 2164 Scln‘itz:
1040 2134 1114 2164 avie
1133 2133 1174 2162 M
1314 2143 1349 2171 14
1371 2136 1445 2173 post
1458 2134 1526 2162 vita

193 2174 306 2205 addere
324 2177 368 2205 ita
386 2177 456 2206 vul!
472 2177 585 2207 Baiter
653 2177 820 2206 humanae
838 2181 908 2207 velt.
979 2178 1094 2216 iniquo
1110 2176 1233 2217 Stangl
1333 2186 1370 2214 15
1396 2177 1429 2206 in
1447 2175 1523 2206 add.

196 2218 297 2248 Orelli
442 2231 479 2251 21
507 2219 714 2258 hominibus]
738 2219 888 2250 Othonis
906 2220 955 2251 Fr.
973 2219 1144 2251 Schmidt:
1172 2220 1307 2251 omnino
1326 2219 1427 2249 Reid:
1452 2223 1528 2259 post

194 2264 359 2293 desertior
377 2266 580 2303 transposuit
593 2263 715 2294 Sclziit:
731 2267 760 2293 et
775 2264 815 2293 ab
828 2264 982 2304 praefigit
1082 2266 1124 2294 26
1147 2263 1261 2293 militia
1277 2262 1365 2293 codd.
1380 2263 1399 2291 I
1412 2263 1501 2303 vulg.
1518 2274 1525 2292 :

195 2307 373 2337 molestum
399 2312 452 2338 est
476 2308 589 2338 Koch:
622 2308 730 2338 Iocum
755 2308 799 2337 ita
819 2308 946 2347 refingit
973 2306 1095 2347 Ίῖγννείῖ
1116 2307 1181 2337 coll.
1199 2318 1254 2336 xv.
1274 2308 1325 2337 26.
1345 2318 1363 2345 4
1390 2306 1524 2336 Etenim

195 2351 382 2381 coheredes
402 2352 457 2387 (sc.
471 2362 504 2381 co
515 2351 564 2380 die
573 2351 726 2388 adfuturi
735 2351 828 2390 sunt)
844 2361 850 2380 :
879 2361 897 2380 a
915 2351 1035 2389 quibus
1056 2351 1130 2381 sine
1144 2354 1199 2381 tua
1216 2349 1359 2389 opprimi
1376 2349 1501 2380 malitia
1516 2351 1522 2381 Ξ

196 2394 335 2432 (malitia
351 2405 390 2424 cx
405 2394 436 2433 J)
458 2395 517 2424 Est
544 2395 659 2425 alteris
771 2395 812 2424 de
830 2393 906 2424 add.
926 2398 995 2424 velt.
