1742 2651
92 97 176 134 XV.

203 97 280 133 xiv
551 96 606 133 M.
639 94 808 132 TVLLI
842 93 1149 132 CICERONIS

185 213 417 256 perpetuum
453 205 667 243 Buthrotiis
698 203 865 254 praesidi
898 216 1118 253 magnaque
1147 216 1239 240 cura
1268 209 1305 240 et
1335 200 1517 240 sollicitu-

186 271 279 310 dine
308 271 483 309 Atticum
515 278 553 308 et
592 283 655 307 me
694 268 877 314 liberaris,
912 268 943 305 si
983 269 1059 306 hoc
1097 267 1257 305 honoris
1289 266 1366 304 mei
1400 279 1517 304 causa

186 336 401 386 susceperis
440 343 482 373 ut
515 348 583 373 eos
617 347 771 383 semper
805 348 827 371 a
865 341 903 371 te
935 334 1118 371 defensos
1149 332 1254 370 velis.
1319 333 1439 380 Quod
1474 339 1516 369 ut

186 402 304 440 facias
324 409 362 439 te
382 402 635 438 vehementer
655 398 772 437 etiam
793 406 912 447 atque
933 397 1050 436 etiam
1071 399 1189 447 rogo.⁷

142 483 169 520 4
242 467 318 504 His
348 465 482 504 litteris
509 464 660 514 scriptis
690 478 753 502 me
782 465 833 501 ad
858 465 1046 509 συντάξεις
1072 462 1188 509 dedi3
1227 475 1327 512 quae
1354 461 1515 511 quidem
1536 475 1553 506 5

150 869 167 896 1

141 1321 166 1348 2

140 1975 165 2012 3

187 545 321 570 vereor
349 544 398 568 ne
428 529 589 568 miniata
618 530 747 567 cerula
777 536 842 566 tua
872 528 1048 578 pluribus
1077 527 1173 565 locis
1203 528 1400 564 notandae
1428 525 1514 563 sint.

187 598 249 635 Ita
269 609 354 634 sum
375 596 554 646 μετέωρος
573 601 611 632 et
632 593 783 643 magnis
804 592 1109 642 cogitationibus
1130 591 1352 642 impeditus.

231 702 314 737 XV
534 703 603 735 Ser.
622 704 655 733 in
672 703 808 733 Annali
823 703 872 733 Id.
892 703 967 734 I1m.
988 714 1019 733 (ι.
1041 712 1098 741 710
1117 701 1201 740 (44Ὗ.

595 779 766 811 CICERO
798 778 979 809 ATTICO
1011 777 1116 809 SAL.

241 855 283 892 L.
306 853 483 892 Antonio
511 854 612 891 male
639 852 697 900 sit,
725 852 755 890 si
783 852 944 901 quidem
972 850 1187 889 Buthrotiis
1218 851 1405 888 molestus
1435 852 1516 888 est!

188 920 273 969 Ego
302 919 571 958 testimonium
601 917 807 968 composui
840 918 948 967 quod
978 930 1069 954 cum
1096 917 1204 954 voles
1234 915 1514 964 obsignabitur.

186 986 382 1022 Nummos
410 983 670 1034 Arpinatium,
697 983 728 1020 si
756 984 797 1020 L.
824 982 967 1020 Fadius
996 981 1133 1019 aedilis
1160 988 1282 1030 petet,
1302 981 1361 1018 vel
1389 980 1517 1018 omnis

184 1049 349 1088 reddito.
418 1051 503 1099 Ego
536 1050 587 1088 ad
621 1057 659 1087 te
692 1048 767 1086 alia
798 1047 964 1098 epistula
994 1046 1129 1096 scripsi
1158 1048 1201 1083 de
1232 1047 1302 1084 HS
1333 1048 1387 1083 δῖ(
1417 1059 1517 1095 quae

184 1115 308 1153 Statio
346 1122 581 1152 curarentur.
646 1113 684 1152 Si
724 1127 815 1163 ergo
853 1120 959 1162 petet
1000 1111 1156 1157 Fadius,
1190 1111 1225 1149 ei
1263 1113 1353 1149 volo
1392 1111 1514 1157 reddi,

184 1188 335 1230 praeter
356 1180 522 1218 Fadium
543 1179 702 1217 nemini.
762 1180 882 1229 Apud
911 1192 973 1216 me
996 1178 1111 1216 >iitem
1137 1184 1233 1226 puto
1254 1176 1514 1226 depositum†.

186 1247 234 1284 Id
255 1246 389 1295 scripsi
409 1247 460 1283 ad
482 1247 643 1283 Erotem
664 1252 707 1282 ut
727 1245 916 1282 redderet.

240 1311 433 1361 Reginam
469 1310 545 1349 odi.
607 1311 655 1348 Id
687 1323 750 1347 me
781 1309 862 1347 iure
897 1311 1022 1347 facere
1057 1309 1128 1347 scit
1163 1322 1329 1359 sponsor
1358 1308 1518 1359 promis-

185 1390 316 1414 sorum
356 1376 437 1414 eius
477 1375 724 1421 Ammonius,
766 1388 866 1423 quae
906 1374 1066 1423 quidem
1107 1382 1215 1413 erant
1254 1376 1446 1426 φιλόλογα
1480 1381 1518 1411 et

185 1441 383 1492 dignitatis
408 1455 519 1479 meae
546 1449 587 1478 ut
614 1442 673 1478 vel
705 1440 743 1477 in
773 1440 958 1478 contione
980 1441 1110 1478 dicere
1138 1442 1336 1479 auderem.
1397 1442 1517 1478 Saran

183 1514 327 1553 autem,
369 1514 639 1556 praeterquam
688 1506 796 1554 quod
846 1505 1035 1543 nefarium
1086 1506 1299 1551 hominem,
1350 1504 1516 1554 cognovi

184 1580 382 1622 praeterea
412 1571 450 1608 in
481 1585 544 1609 me
575 1578 862 1608 contumacem.
924 1572 1053 1608 Semel
1085 1585 1175 1609 eum
1210 1570 1373 1609 omnino
1408 1568 1516 1607 domi

186 1651 295 1675 meae
326 1636 415 1674 vidi.
477 1637 579 1675 Cum
612 1638 851 1685 φιλοφρόνως
881 1650 927 1674 ex
957 1650 1005 1674 eo
1035 1649 1261 1686 quaererem
1291 1635 1387 1684 quid
1417 1647 1516 1683 opus

184 1710 296 1749 esset,
319 1702 495 1740 Atticum
526 1715 566 1739 se
597 1701 691 1740 dixit
717 1715 911 1751 quaerere.
973 1701 1204 1751 Superbiam
1233 1708 1365 1738 autem
1396 1699 1516 1749 ipsius

184 1768 348 1817 reginae,
381 1781 470 1805 cum
501 1775 602 1805 esset
632 1775 736 1804 trans
766 1766 942 1804 Tiberim
973 1766 1012 1803 in
1042 1766 1174 1812 hortis,
1206 1777 1516 1803 commemorare

184 1833 267 1871 sine
288 1846 431 1882 magno
452 1834 587 1870 dolore
608 1846 688 1870 non
710 1846 882 1881 possum.
935 1831 1043 1870 Nihil
1064 1831 1178 1881 igitur
1198 1844 1287 1868 cum
1310 1830 1415 1875 istis;
1442 1842 1514 1866 nec

184 1906 263 1936 tam
285 1897 460 1935 animum
483 1911 544 1935 me
566 1911 684 1947 quam
707 1899 955 1935 stomachum
976 1897 1121 1934 habere
1141 1894 1384 1933 arbitrantur.

242 1963 529 2001 Profectionem
552 1976 691 2009 meam,
715 1970 756 2000 ut
777 1962 904 2008 video,
929 1961 1056 1999 Erotis
1077 1959 1318 2010 dispensatio
1339 1957 1514 2008 impedit.

187 2030 290 2066 Nam
321 2042 411 2065 cum
441 2042 487 2065 ex
517 2027 674 2077 reliquis
695 2041 796 2076 quae
818 2026 944 2065 Nonis
966 2026 1167 2075 Aprilibus
1196 2025 1287 2063 fecit
1315 2024 1517 2062 abundare

186 2094 364 2140 debeam,
397 2107 516 2142 cogor
546 2093 724 2139 mutuari,
758 2093 945 2142 quodque
977 2106 1023 2129 ex
1053 2091 1134 2129 istis
1164 2089 1370 2128 fructuosis
1400 2089 1516 2127 rebus

233 2186 271 2214 13
295 2176 336 2206 de
353 2174 428 2206 add.
449 2175 538 2215 vulg.
648 2184 685 2211 14
710 2185 729 2204 a
748 2174 856 2204 Statio
867 2173 952 2203 Boot
976 2185 982 2204 ε
1010 2173 1112 2203 Fadio
1132 2172 1263 2202 Graeler
1396 2181 1433 2209 15
1459 2171 1516 2200 de-

187 2220 330 2258 positum
343 2218 378 2238 *³⁴⁶
395 2219 584 2259 lVesenbmg
676 2228 712 2256 17
739 2218 802 2247 odi.
852 2217 889 2247 Id
904 2227 957 2246 me
975 2213 1013 2245 Z‘
1034 2216 1134 2246 Orelli
1146 2227 1185 2245 ex
1197 2215 1273 2245 coni.
1290 2225 1296 2244 ε
1323 2214 1392 2244 odit
1410 2224 1462 2243 me
1479 2211 1520 2242 M

187 2263 250 2293 scit
267 2262 332 2302 (κυεῖ
345 2262 440 2292 testis
451 2262 493 2292 sit
510 2263 559 2292 vel
575 2262 670 2292 testis
689 2262 754 2301 est)
779 2259 967 2300 Wesenbmg
983 2271 990 2290 ε
1014 2261 1057 2290 sit
1076 2259 1117 2288 M
1229 2259 1268 2288 18
1292 2256 1516 2287 Hammonius

193 2305 321 2344 TyrrelL
341 2305 378 2344 cf.
400 2305 494 2335 Fam.
525 2306 544 2336 i.
567 2314 593 2334 1.
619 2315 631 2334 1
780 2305 821 2333 26
844 2314 943 2342 quam
967 2304 1175 2333 Stomachum
1198 2301 1340 2331 Mz'iller:
1364 2300 1516 2339 quamvis

190 2349 389 2379 homachum
418 2347 475 2379 M:
511 2359 610 2387 quam
635 2349 722 2378 iuste
749 2347 960 2378 stomachum
987 2344 1047 2376 Zs:
1082 2356 1182 2385 quam
1218 2345 1274 2374 vix
1305 2344 1515 2374 stomachum

189 2392 310 2422 Rosius
327 2392 355 2421 L
374 2395 513 2431 (nzarg.)
532 2402 570 2421 ex
585 2402 615 2422 v.
634 2402 657 2421 c.
667 2392 749 2430 fort.
769 2395 844 2421 recte
1019 2391 1060 2420 28
1085 2394 1159 2420 ante
1178 2389 1350 2419 abundare
1369 2387 1442 2418 add.
1462 2387 1514 2417 vel

192 2435 276 2465 (rat.
294 2435 410 2464 cocliccs
428 2435 627 2465 Oronienses

1540 866 1577 888 10

1539 1518 1577 1539 20

1537 1843 1575 1874 25
