1742 2651
27 91 145 129 XIII.
166 92 268 138 xvii,
292 93 401 129 xviii
546 94 600 130 M.
633 94 801 131 TVLLI
834 93 1139 132 CICERONIS

139 414 156 441 1

131 801 155 827 2

35 844 153 887 (xvm)

221 221 366 263 XVII,
387 222 546 256 XVIII
592 225 659 256 Sfr.
680 226 712 255 1⁹11
731 226 894 266 Arpinati
907 226 943 256 iii
957 226 999 257 K.
1022 226 1134 265 Quint.
1155 237 1184 258 a.
1208 236 1265 265 700
1284 226 1368 267 (45).

586 315 756 345 CICERO
788 315 969 345 ATTICO
999 314 1104 345 SAL.

231 414 255 438 v
289 404 376 440 Kal.
411 403 686 452 exspectabam
724 405 853 440 Roma
884 402 1057 451 aliquid:
1102 406 1205 442 †non
1241 403 1503 453 imperassem.

179 466 300 516 Igitur
320 467 468 516 aliquid
490 467 599 507 tuis†.
661 469 778 504 Nunc
804 468 942 505 eadem
972 467 1046 513 illa,
1070 467 1165 516 quid
1188 470 1330 505 Brutus
1351 468 1504 517 cogitet,

175 539 242 569 aut
273 532 304 569 si
333 532 481 581 aliquid
512 532 599 581 egit,
623 532 765 581 ecquid
795 546 817 570 a
839 533 1017 571 Caesare.
1078 533 1155 570 Sed
1180 532 1275 582 quid
1306 533 1377 570 ista
1407 546 1507 582 quae
1527 548 1544 578 5

177 596 305 634 minus
340 598 465 634 curo?
521 597 653 634 Attica
687 604 819 635 nostra
852 596 947 646 quid
981 604 1069 646 agat
1101 597 1197 635 scire
1235 597 1362 647 cupio.
1424 598 1506 635 Etsi

175 668 265 699 tuae
304 661 452 700 litterae
493 662 578 712 (sed
618 662 695 699 iam
735 661 850 699 nimis
890 670 1038 700 veteres
1078 662 1186 713 sunt)
1220 670 1323 700 recte
1355 675 1507 712 sperare

176 725 323 773 iubent,
347 734 478 764 tamen
500 734 684 776 exspecto
705 740 841 764 recens
862 726 1021 776 aliquid.

229 791 351 830 Vides
382 791 652 841 propinquitas
682 791 778 841 quid
809 791 961 829 habeat.
1022 793 1107 830 Nos
1132 805 1222 829 vero
1251 791 1507 829 conficiamus

176 857 319 895 hortos.
381 856 580 906 Conloqui
615 856 846 895 videbamur
885 856 923 894 in
956 858 1184 894 Tusculano
1223 870 1313 894 cum
1353 870 1567 906 essem310

176 929 283 959 tanta
315 929 394 959 erat
429 921 613 959 crebritas
648 921 871 959 litterarum.
933 922 1010 959 Sed
1044 921 1084 959 id
1117 921 1277 971 quidem
1312 921 1388 959 iam
1423 922 1503 960 erit.

177 989 261 1036 Ego
288 986 435 1025 interea
463 985 670 1025 admonitu
702 993 769 1024 tuo
796 985 940 1036 perfeci
965 1000 1058 1024 sane
1087 988 1286 1036 argutulos
1310 986 1428 1025 libros
1455 988 1507 1025 ad

175 1054 391 1090 Varronem
427 1053 496 1090 sed
524 1059 655 1089 tamen
683 1060 868 1102 exspecto
889 1051 984 1101 quid
1011 1053 1061 1090 ad
1092 1066 1137 1090 ea
1165 1066 1265 1101 quae
1292 1052 1426 1102 scripsi
1456 1054 1506 1091 ad

174 1124 220 1163 te,
246 1117 414 1166 primum
439 1115 506 1166 qui
536 1116 770 1154 intellexeris
800 1130 889 1154 eum
918 1117 1139 1155 desiderare
1165 1131 1188 1155 a
1218 1131 1280 1155 me
1307 1131 1396 1156 cum
1424 1117 1507 1167 ipse

172 1183 293 1219 homo
331 1182 674 1234 πολυγραφώτατος
712 1195 929 1232 numquam
970 1196 1032 1220 me
1071 1182 1314 1230 lacessisset3
1361 1182 1507 1221 deinde
1532 1197 1566 1228 ¹5

171 1260 289 1296 quem
317 1249 537 1296 ζηλοτυπεῖν
564 1248 643 1285 m'sl'
654 1246 762 1296 forle
781 1248 966 1293 Brutum,
992 1261 1100 1296 quem
1129 1248 1167 1285 si
1192 1262 1265 1285 non
1296 1250 1503 1297 ζηλοτυπεῖ,

172 1313 296 1350 multo
319 1312 578 1350 Hortensium
602 1311 731 1349 minus
751 1319 818 1349 aut
839 1325 907 1350 eos
928 1312 995 1361 qui
1025 1313 1076 1351 de
1103 1327 1142 1351 re
1164 1313 1322 1363 publica
1342 1315 1506 1363 loquun-

171 1384 242 1414 tur.
305 1378 425 1415 Plane
446 1378 523 1415 hoc
544 1376 640 1414 mihi
668 1376 838 1426 explices
860 1376 987 1425 velim,
1011 1377 1050 1415 in
1078 1377 1212 1427 primis
1234 1392 1445 1416 maneasne
1466 1379 1505 1416 in

171 1442 365 1480 sententia
392 1450 433 1480 ut
464 1442 615 1480 mittam
646 1443 696 1480 ad
727 1455 817 1480 eum
843 1456 945 1492 quae
974 1442 1120 1494 scripsi,
1143 1457 1193 1482 an
1221 1443 1317 1482 nihil
1345 1457 1505 1483 necesse

172 1515 294 1557 putes.
355 1508 433 1545 Sed
454 1508 550 1545 haec
571 1520 714 1545 coram.
1526 1522 1567 1545 20

214 1652 325 1687 XIX
429 1654 494 1686 Ser.
517 1656 549 1685 in
567 1656 728 1696 Arpinati
736 1657 824 1697 prid.
838 1657 880 1690 K.
902 1656 1015 1696 Quint.
1035 1669 1063 1690 a.
1087 1669 1145 1700 709
1165 1659 1246 1702 (45).

580 1743 753 1774 CICERO
785 1745 965 1776 ATTICO
995 1745 1098 1778 SAL.

226 1834 496 1872 Commodum
536 1833 768 1872 discesserat
808 1835 969 1873 Hilarus
1007 1835 1184 1874 librarius
1224 1848 1264 1873 1v
1304 1836 1406 1882 Kal„
1441 1834 1504 1873 cui

170 1900 357 1937 dederam
397 1899 542 1937 litteras
580 1901 631 1938 ad
665 1909 714 1947 te,
748 1914 869 1951 quom
902 1901 1007 1939 venit
1039 1900 1261 1939 tabellarius
1300 1913 1389 1938 cum
1428 1900 1504 1937 tuis

172 1963 305 2001 litteris
335 1964 460 2013 pridie
491 1965 616 2012 datis:
648 1965 686 2003 in
717 1965 860 2015 quibus
891 1965 987 2004 illud
1018 1965 1113 2003 mihi
1141 1964 1402 2015 gratissimum
1433 1964 1504 2002 fuit
1525 1977 1563 2007 25

171 2030 280 2078 quod
294 2029 425 2067 Attica
446 2038 578 2068 nostra
598 2038 706 2080 rogat
727 2038 765 2069 te
785 2044 834 2069 ne
855 2030 971 2068 tristis
987 2029 1049 2077 sis,
1065 2031 1253 2080 quodque
1274 2037 1315 2068 tu
1336 2029 1504 2068 ἀκίνδυνα

171 2108 256 2133 esse
276 2095 423 2133 scribis.

216 2203 235 2232 3
260 2204 280 2222 v
300 2193 375 2224 Kal.
397 2194 452 2224 CZ
470 2205 476 2224 z
500 2193 531 2224 vi
553 2194 634 2233 (om.
656 2193 753 2233 Kal.)
774 2192 868 2224 ORA
991 2204 1058 2224 non
1083 2204 1148 2233 quo
1165 2193 1226 2232 (ita
1244 2193 1330 2224 Crat.
1348 2204 1377 2223 v.
1398 2204 1420 2223 c.
1438 2191 1501 2232 Zb)

173 2237 391 2276 imperassem
412 2238 487 2268 tuis.
529 2238 633 2276 Igitur
654 2247 742 2267 nunc
765 2239 843 2268 coni.
863 2235 1006 2267 Lamb.:
1034 2237 1131 2267 novi:
1161 2237 1363 2275 imperasses
1379 2236 1503 2267 vellem

174 2281 276 2319 igitur
300 2281 425 2319 aliquid
453 2282 529 2312 tuis.
588 2281 684 2311 Nunc
711 2280 883 2310 Schmidt:
924 2281 1009 2310 novi.
1039 2281 1262 2319 Imperassern
1289 2282 1344 2319 (sc.
1374 2281 1404 2309 δι’
1426 2279 1507 2319 quid

174 2325 250 2354 novi
264 2326 410 2364 vmz'sset)
430 2325 532 2362 igitur
549 2325 675 2363 aliquid
694 2325 769 2355 tuis.
812 2324 908 2354 Nunc
923 2324 1045 2354 Miiller
1173 2333 1192 2361 5
1218 2324 1339 2362 ecquid
1356 2322 1478 2355 Lamb.
1495 2335 1503 2354 t

175 2373 208 2398 et
226 2369 305 2407 quid
320 2368 361 2397 M
503 2370 538 2398 16
564 2369 645 2398 nisi.
668 2392 674 2399 .
693 2393 698 2398 .
718 2367 891 2407 ζηλοτυπεῖ
904 2367 1024 2398 Bos-ius
1043 2367 1117 2408 (‘ex
1132 2366 1308 2397 Decurtato
1325 2366 1451 2397 nostro'
1469 2369 1506 2396 ut

175 2412 234 2441 ait]
251 2424 256 2443 2
282 2422 348 2441 om.
368 2410 407 2440 M
