1742 2651
50 94 144 131 XII.
164 92 256 129 xlvi
540 93 595 128 M.
628 92 795 128 TVLLI
828 91 1134 130 CICERONIS

176 217 266 241 nam
306 216 433 241 essem
472 204 634 241 fortasse
674 203 816 241 durior.
889 204 1056 240 Exculto
1094 203 1199 241 enim
1238 203 1371 241 animo
1405 202 1501 241 nihil

174 278 335 319 agreste,
359 268 454 306 nihil
476 268 736 306 inhumanum
759 276 826 306 est.

133 343 156 370 2
229 337 292 372 Tu
309 334 434 384 igitur,
456 341 497 371 ut
518 333 715 383 scripsisti,
735 347 808 370 nec
829 332 868 370 id
891 333 1147 371 incommodo
1168 341 1247 372 tuo.
1293 335 1366 371 Vel
1388 332 1503 371 binae

44 388 155 461 (xpum
175 400 280 438 enim
317 406 500 449 poterunt
536 398 694 436 litterae.
756 399 969 436 Occurram
1005 398 1121 436 etiam
1154 398 1185 436 si
1225 411 1385 436 necesse
1421 398 1500 436 erit.

89 445 100 470 'i
178 467 280 514 Ergo
302 465 340 502 id
362 464 522 514 quidem
545 471 585 501 ut
607 463 761 513 poteris.

217 610 390 644 XLVII
495 611 564 643 ΞΝ.
586 611 724 641 Lanuvi
737 611 806 641 xvii
821 611 862 642 K.
882 611 958 642 Ilm.
980 622 1010 644 a.
1026 621 1088 652 709
1107 612 1188 652 (45).

579 699 749 730 CICERO
780 698 962 729 ATTICO
991 699 1095 731 SAL.

139 803 155 829 1
232 792 292 828 De
316 791 497 835 Mustela,
522 796 562 826 ut
584 788 731 834 scribis,
751 788 821 825 etsi
845 802 1031 838 magnum
1053 802 1152 838 opus
1174 797 1241 828 est.
1303 792 1363 828 Eo
1384 790 1505 839 magis

174 856 337 892 delabor
363 856 414 893 ad
442 854 636 893 Clodiam.
698 854 951 903 Quamquam
981 853 1019 890 in
1050 862 1216 904 utroque
1245 855 1505 894 Faberianum

177 933 322 957 nomen
343 920 627 969 explorandum
653 926 721 956 est.
785 920 846 956 De
876 932 956 967 quo
977 918 1072 955 nihil
1098 919 1274 958 nocuerit
1299 920 1330 958 si
1357 919 1506 969 aliquid

176 998 266 1022 cum
298 985 424 1023 Balbo
456 984 529 1022 eris
559 985 713 1022 locutus
753 991 790 1021 et
821 983 994 1032 quidem,
1020 991 1061 1021 ut
1091 998 1150 1021 res
1181 993 1249 1032 est,
1276 998 1406 1023 emere
1436 997 1507 1021 nos

133 1061 158 1088 2
177 1052 276 1088 velle
297 1064 370 1088 nec
391 1063 506 1100 posse
527 1049 610 1087 sine
632 1049 706 1086 isto
728 1048 889 1086 nomine
910 1063 983 1086 nec
1004 1050 1149 1087 audere
1170 1063 1209 1088 re
1230 1050 1386 1088 incerta.
1431 1050 1508 1087 Sed

176 1116 338 1164 quando
360 1115 501 1154 Clodia
531 1117 685 1152 Romae
716 1116 843 1152 futura
871 1122 928 1152 est
957 1122 994 1152 et
1022 1114 1158 1163 quanti
1186 1128 1267 1153 rem
1297 1115 1509 1153 aestimas?

177 1182 237 1218 Eo
258 1194 414 1230 prorsus
441 1188 588 1229 specto,
612 1194 692 1218 non
720 1180 815 1229 quin
844 1180 940 1218 illud
969 1180 1101 1217 malim
1133 1182 1203 1218 sed
1224 1188 1261 1218 et
1289 1194 1430 1230 magna
1450 1194 1509 1218 res

176 1253 233 1283 est
263 1253 301 1283 et
331 1245 488 1283 difficile
518 1253 716 1284 certamen
747 1259 838 1283 cum
869 1245 1027 1294 cupido,
1058 1260 1148 1283 cum
1180 1248 1386 1295 locuplete,
1419 1259 1509 1283 cum

177 1312 330 1349 herede.
393 1310 476 1348 Etsi
497 1312 548 1349 de
564 1311 779 1360 cupiditate
796 1311 943 1349 nemini
966 1313 1185 1350 concedam
1202 1326 1211 1359 ς
1240 1311 1377 1350 ceteris
1395 1312 1510 1349 rebus

178 1375 377 1414 inferiores
399 1389 546 1414 sumus.
606 1377 683 1414 Sed
706 1378 803 1415 haec
825 1390 968 1415 coram.

222 1521 419 1556 XLVIII
463 1523 531 1556 Ser.
554 1523 761 1555 Lannw·.1·v2·
774 1525 815 1556 K.
837 1524 911 1556 Iun.
934 1536 1034 1556 mane
1048 1537 1078 1557 a.
1099 1536 1158 1565 709
1177 1526 1256 1566 (45).

587 1614 758 1645 CICERO
789 1616 821 1645 A
831 1614 972 1645 TTJCO
1002 1615 1106 1646 SAL.

51 1706 162 1745 (XLVH
240 1704 344 1742 Hirti
379 1704 532 1751 librum,
567 1712 607 1742 ut
636 1704 741 1751 facis,
775 1704 942 1755 divulga.
1004 1707 1065 1743 De
1098 1704 1311 1743 Philotimo
1340 1703 1445 1742 idem
1476 1710 1513 1741 et
1536 1718 1549 1739 2

51 1760 87 1789 3)
183 1782 256 1819 ego
282 1768 506 1807 arbitrabar.
570 1770 745 1807 Domum
775 1777 882 1807 tuam
910 1769 1030 1819 pluris
1052 1770 1167 1808 video
1194 1771 1362 1807 futuram
1384 1768 1514 1806 vicino

182 1836 360 1873 Caesare.
420 1835 687 1872 Tabellarium
716 1848 845 1873 meum
870 1835 989 1874 hodie
1016 1843 1299 1885 exspectamus.
1359 1835 1443 1872 Nos
1464 1835 1514 1872 de

183 1900 280 1938 Pilia
301 1908 338 1938 et
359 1900 492 1938 Attica
511 1900 695 1939 certiores
716 1900 840 1939 faciet.

31 1974 175 2015 (xum)
243 1966 362 2004 Domi
384 1974 421 2004 te
442 1966 609 2004 libenter
629 1980 714 2005 esse
734 1967 847 2004 facile
868 1968 997 2005 credo.
1058 1967 1136 2005 Sed
1158 1965 1273 2004 velim
1300 1965 1397 2003 scire
1417 1964 1513 2014 quid

182 2031 252 2070 tibi
291 2039 408 2070 restet
445 2039 512 2070 aut
552 2032 682 2070 iamne
721 2032 946 2070 confeceris.
1009 2034 1093 2082 Ego
1132 2040 1169 2070 te
1208 2031 1246 2069 in
1286 2032 1514 2068 Tusculano
1537 2043 1549 2064 2

182 2105 367 2146 exspecto
406 2111 534 2147 eoque
574 2097 696 2147 magis
736 2098 844 2147 quod
883 2097 1020 2135 Tironi
1059 2097 1189 2135 statim
1229 2104 1266 2135 te
1305 2103 1511 2134 venturum

183 2162 368 2212 scripsisti
399 2170 437 2200 et
466 2162 655 2201 addidisti
686 2170 723 2200 te
752 2170 889 2211 putare
919 2176 1018 2211 opus
1048 2176 1143 2200 esse.

231 2278 243 2297 1
271 2266 413 2297 Exculto
431 2266 505 2296 Virt.
523 2279 528 2297 :
559 2271 638 2297 exto
651 2265 702 2296 M¹
723 2267 774 2306 (cf.
789 2267 807 2297 l.
826 2277 866 2297 22
883 2267 1000 2305 snpra)
1017 2278 1023 2297 :
1050 2277 1093 2296 ex
1111 2271 1182 2297 toto
1195 2265 1330 2296 Palmer
1440 2266 1514 2294 ante

183 2311 295 2341 animo
313 2310 387 2341 add.
407 2311 439 2340 in
459 2309 649 2350 [Vesenbetg
783 2311 820 2340 16
843 2311 1059 2340 concedimus
1079 2310 1143 2342 (vel
1161 2309 1325 2349 concedo)
1343 2319 1349 2339 z
1379 2308 1410 2339 in
1431 2307 1509 2339 coni.

189 2354 377 2394 ll'esenbeaeg
507 2364 548 2383 22
573 2354 855 2393 exspectabamus
874 2353 949 2384 Otto
965 2354 1029 2385 coll.
1050 2359 1095 2394 ep.
1112 2363 1154 2392 53

1530 933 1568 955 10
