1742 2651
575 112 687 149 EPP.
720 113 797 149 Al)
827 111 1087 150 ATTICVM
1380 111 1489 148 XVI.
1513 110 1575 147 vii

166 222 348 261 admirari
377 222 468 260 satis
496 236 576 261 non
605 222 714 272 potui
750 223 858 272 quod
890 221 1077 271 scripsisti
1112 221 1171 258 his
1199 221 1336 267 verbis,
1367 224 1375 240 ‘
1393 223 1502 260 Bene

168 288 282 337 igitur
303 296 343 326 tu
371 288 438 337 qui
468 289 700 334 εὐθανασίαν,
725 288 849 325 bene!
881 287 1056 336 relinque
1086 285 1275 335 patriam.'
1333 288 1395 323 An
1427 300 1501 335 ego

167 352 436 402 relinquebam
467 360 533 391 aut
563 353 633 391 tibi
661 360 744 390 tum
775 351 993 401 relinquere
1017 351 1207 389 videbar?
1263 353 1325 388 Tu
1352 351 1392 389 id
1421 365 1500 389 non

168 419 289 456 modo
319 432 399 456 non
424 418 662 468 prohibebas
686 431 821 456 verum
847 417 964 455 etiam
992 417 1252 466 adprobabas.
1313 416 1502 455 Graviora

129 498 145 527 5
167 496 268 531 quae
289 490 444 521 restant.
508 483 658 521 ‘Velim
687 485 845 534 σχόλιον
871 482 1032 532 aliquod
1059 481 1194 520 elimes
1222 482 1271 519 ad
1301 495 1363 519 me
1390 495 1501 531 opor-

167 547 286 585 tuisse
317 555 354 585 te
384 547 483 585 istuc
514 549 662 586 facere]
721 549 845 593 Itane,
878 547 931 584 mi
959 546 1119 584 Attice?
1153 546 1384 585 defensione
1414 554 1500 596 eget

168 625 299 649 meum
335 613 493 658 factum,
530 612 756 662 praesertim
791 613 897 662 apud
929 619 966 649 te
1001 611 1068 661 qui
1103 611 1143 649 id
1179 611 1406 649 mirabiliter
1435 613 1501 650 ad-

168 676 371 726 probasti?
429 678 514 726 Ego
538 690 629 714 vero
656 677 774 715 istum
803 678 1065 729 ἀπολογισμὸν
1091 677 1332 726 συντάξομαι,
1353 677 1423 714 sed
1450 677 1501 714 ad

168 755 303 779 eorum
333 741 505 790 aliquem
536 741 679 790 quibus
712 742 841 780 invitis
874 749 911 780 et
946 741 1267 780 dissuadentibus
1302 743 1500 792 profectus

112 825 148 846 ιο
168 819 265 843 sum.
327 806 411 843 Etsi
446 805 542 855 quid
574 806 651 844 iam
681 820 781 856 opus
813 814 870 845 est
905 808 1080 859 σχολίῳῗ
1113 806 1143 844 si
1178 820 1500 856 perseverassem,

167 885 266 921 opus
288 871 432 909 fuisset.
483 874 557 909 ‘At
574 873 649 910 hoc
671 872 799 922 ipsum
817 886 897 910 non
914 874 1162 911 constanter.⁷
1208 874 1339 911 Nemo
1360 873 1501 910 doctus

167 950 356 986 umquam
384 935 525 987 (multa
553 945 685 974 autem
717 938 766 975 de
797 938 873 976 hoc
902 951 1044 987 genere
1074 936 1217 986 scripta
1247 940 1353 983 sunt)
1379 944 1503 974 muta-

167 1002 316 1040 tionem
351 1001 490 1040 consili
526 1002 830 1040 inconstantiam
864 1003 960 1041 dixit
994 1017 1090 1042 esse.
1152 1004 1352 1054 Deinceps
1387 1003 1545 1054 igitur4

167 1069 274 1114 haec,
302 1068 429 1104 ‘Nam
460 1066 491 1104 si
522 1081 545 1104 a
572 1068 753 1105 Phaedro
784 1076 917 1106 nostro
950 1082 1068 1116 esses,
1093 1069 1275 1119 expedita
1301 1067 1501 1107 excusatio

112 1140 293 1180 15esset3
342 1146 448 1170 nunc
488 1132 583 1181 quid
622 1133 959 1182 respondemus?'
1027 1136 1130 1184 Ergo
1170 1134 1209 1172 id
1249 1141 1329 1172 erat
1369 1147 1500 1171 meum

167 1199 314 1235 factum
351 1198 459 1247 quod
492 1197 634 1236 Catoni
665 1198 832 1247 probare
867 1212 947 1236 non
982 1199 1160 1249 possim?
1199 1199 1318 1249 flagiti
1353 1198 1501 1237 scilicet

167 1264 329 1312 plenum
351 1270 389 1301 et
410 1262 627 1300 dedecoris.
689 1263 850 1300 Vtinam
871 1277 894 1301 a
914 1263 1041 1313 primo
1062 1263 1115 1302 ita
1135 1264 1205 1302 tibi
1226 1272 1327 1302 esset
1348 1263 1474 1301 visum
1493 1266 1499 1301 !

167 1337 208 1367 tu
249 1328 355 1375 mihi,
393 1328 492 1366 sicut
524 1341 609 1366 esse
643 1329 756 1375 soles,
790 1328 929 1366 fuisses
965 1330 1075 1368 Cato.
1136 1331 1365 1367 Extremum
1405 1328 1544 1377 illud5

167 1396 227 1432 vel
272 1392 604 1439 molestissimum,
645 1394 771 1430 ‘Nam
813 1395 955 1431 Brutus
995 1401 1127 1432 noster
1165 1393 1276 1440 silet‚’
1314 1394 1389 1431 hoc
1430 1401 1500 1439 est,

109 1476 148 1497 20
168 1474 247 1498 non
269 1461 388 1498 audet
416 1459 620 1497 hominem
650 1457 691 1496 id
711 1457 848 1496 aetatis
876 1471 1047 1496 monere.
1107 1457 1229 1496 Aliud
1256 1457 1353 1495 nihil
1373 1457 1503 1495 habeo

167 1526 276 1575 quod
297 1539 344 1563 ex
364 1524 409 1563 iis
437 1538 460 1562 a
488 1532 525 1562 te
546 1522 674 1562 verbis
705 1522 912 1572 significari
940 1531 1086 1572 putem,
1111 1530 1148 1560 et
1174 1523 1333 1561 hercule
1354 1521 1407 1560 ita
1431 1530 1498 1560 est.

169 1591 272 1628 Nam
295 1602 365 1627 xvl
395 1591 481 1627 Kal.
508 1591 612 1638 Sept.
636 1602 727 1626 cum
755 1587 949 1625 venissem
970 1587 1136 1634 Veliam,
1161 1589 1304 1625 Brutus
1328 1586 1501 1634 audivit;

168 1664 248 1694 erat
280 1655 385 1694 enim
422 1669 512 1693 cum
550 1655 628 1693 suis
665 1653 830 1692 navibus
859 1655 966 1703 apud
998 1655 1185 1692 Haletem
1215 1653 1376 1691 fluvium
1407 1653 1502 1692 citra

168 1721 322 1758 Veliam
340 1720 446 1758 milia
467 1733 603 1770 passus
626 1732 684 1757 111.
737 1719 911 1758 Pedibus
928 1719 977 1757 ad
1000 1732 1062 1757 me
1080 1718 1223 1757 statim.
1275 1718 1326 1755 Di
1347 1718 1503 1756 immor-

110 1794 148 1825 25
169 1786 275 1831 tales,
317 1799 436 1834 quam
473 1786 586 1823 valde
626 1784 690 1823 ille
724 1784 851 1823 reditu
886 1785 946 1822 vel
986 1783 1116 1833 potius
1155 1783 1375 1822 reversione
1414 1797 1501 1822 mea

168 1852 334 1888 laetatus
368 1850 505 1888 effudit
546 1849 610 1887 illa
644 1849 778 1888 omnia
813 1863 914 1899 quae
949 1851 1145 1887 tacuerat!
1203 1856 1245 1886 ut
1279 1850 1502 1887 recordarer

168 1914 264 1953 illud
305 1922 415 1952 tuum
458 1916 585 1951 ‘Nam
627 1916 770 1952 Brutus
811 1921 944 1952 noster
982 1913 1093 1951 silet.'
1152 1913 1327 1951 Maxime
1368 1921 1500 1952 autem

168 1980 328 2018 dolebat
369 1993 431 2017 me
472 1980 560 2016 Kal.
598 1980 699 2018 Sext.
741 1979 781 2017 in
827 1986 1078 2017 senatunon
1117 1978 1246 2017 fuisse.
1316 1978 1500 2017 Pisonem

169 2046 316 2083 serebat
348 2044 385 2081 in
417 2046 595 2091 caelum3
625 2058 665 2082 se
692 2052 824 2083 autem
854 2044 987 2083 laetari
1016 2045 1124 2094 quod
1151 2043 1373 2093 effugissem
1403 2046 1501 2082 duas

217 2160 244 2186 1,
262 2160 280 2178 2
306 2148 399 2178 Bene
415 2171 423 2179 .
446 2172 451 2178 .
473 2172 480 2179 .
500 2148 601 2188 bene]
628 2149 702 2178 veni
727 2172 734 2179 .
762 2174 767 2179 .
791 2173 798 2180 .
826 2149 905 2178 veni
936 2149 1010 2179 l'z'cl.
1145 2159 1164 2178 2
1189 2148 1362 2188 relinques
1380 2149 1500 2181 Lamb.

169 2191 294 2222 Locum
311 2193 356 2222 ila
374 2191 606 2221 restituendum
623 2193 699 2222 coni.
715 2191 897 2222 Housman
910 2193 1005 2222 Tene
1024 2192 1126 2230 igitur
1137 2193 1191 2231 qui
1212 2193 1407 2229 εὐθαινασὶαν,
1422 2198 1501 2223 tene

170 2237 361 2275 relinquere
379 2235 541 2274 patriam?
565 2235 632 2266 coll.
654 2236 698 2266 ix.
715 2246 742 2274 7.
761 2245 779 2274 5
891 2247 909 2274 4
936 2236 1139 2274 prohibebas
1157 2235 1208 2264 M²
1223 2236 1311 2276 vulg.
1330 2247 1336 2265 z
1363 2236 1501 2267 iubebas

170 2278 222 2308 Μι
240 2290 246 2309 :
281 2279 459 2309 inhibebas
476 2279 554 2309 coni.
573 2284 624 2319 ap.
648 2279 765 2309 Lamb.
781 2291 787 2309 ς
812 2279 894 2318 sot-l.
910 2280 1125 2318 improbabas
1260 2290 1298 2318 14
1323 2290 1418 2309 esses
1440 2276 1478 2308 Zl
1496 2291 1503 2310 t

170 2327 262 2353 esset
278 2323 379 2353 Rom.
396 2335 402 2352 ε
427 2327 519 2352 esset
536 2323 756 2361 exprobatum
772 2322 947 2352 Lehmann
1039 2324 1078 2352 16
1103 2333 1234 2361 possem
1247 2323 1377 2353 Ernesti
1461 2333 1499 2352 21

170 2376 213 2395 ex
229 2370 297 2396 vett.
315 2378 321 2396 :
346 2371 380 2396 et
398 2365 457 2396 M:
481 2377 547 2395 om.
575 2366 692 2395 Lamb.
837 2377 877 2404 23
903 2366 1064 2396 Haletem
1080 2365 1202 2397 Lanzb.
1220 2371 1248 2396 et
1264 2365 1306 2395 M
1320 2368 1389 2405 (49.
1408 2367 1442 2405 9)
1461 2366 1507 2396 ad

168 2409 266 2440 Fam.
284 2410 339 2440 vii.
358 2420 409 2440 20.
431 2420 443 2438 1
461 2421 466 2440 :
496 2409 652 2439 Heletem
671 2408 713 2438 M
845 2420 885 2448 24
911 2409 1001 2439 milia
1022 2419 1143 2447 passus
1162 2409 1204 2439 M
1220 2410 1255 2448 cf.
1279 2420 1362 2448 quae
1381 2409 1453 2440 dixi
1467 2411 1502 2440 in

171 2452 217 2484 ed.
241 2452 447 2492 Zyrrellz'mm,
467 2453 509 2483 vi.
525 2463 556 2491 p.
576 2453 635 2491 178
652 2464 658 2483 z
683 2453 769 2482 milia
788 2463 947 2492 passuum
964 2453 1051 2493 vulg.
1070 2465 1076 2482 ε
1103 2452 1172 2484 mil.
1190 2463 1278 2492 pass.
1297 2452 1419 2484 Muller
