1742 2651
572 138 684 175 EPP.
716 137 793 174 AD
824 137 1082 175 ATTICVM
1453 138 1521 175 IX.
1545 137 1590 173 xi

173 249 211 288 in
233 252 306 288 hac
328 249 482 288 miseria
502 248 555 287 rei
576 247 758 298 publicae
785 249 976 286 πολιτικὸν
996 261 1095 297 opus
1123 249 1275 286 efficere
1299 255 1337 285 et
1367 262 1508 285 navare

173 314 268 352 mihi
298 314 438 353 liceat!
498 312 645 351 Matius
675 312 835 362 quidem
864 320 902 350 et
932 312 1040 350 illum
1069 312 1108 349 in
1136 327 1182 350 ea
1206 312 1401 351 sententia
1420 327 1505 351 esse

170 380 397 418 confidebat
418 386 456 418 et
477 392 517 417 se
538 385 738 416 auctorem
760 379 841 416 fore
862 377 1130 428 pollicebatur.

226 444 357 483 Pridie
394 451 526 482 autem
565 444 671 493 apud
710 456 774 480 me
813 442 1014 492 Crassipes
1049 444 1172 480 fuerat
1204 443 1271 492 qui
1307 457 1347 481 se
1381 443 1505 492 pridie
1529 449 1554 486 3

134 510 276 550 5Non.
313 509 475 547 Martias
516 507 726 546 Brundisio
765 509 984 558 profectum
1019 515 1138 557 atque
1177 507 1230 545 ibi
1271 508 1506 557 Pompeium

170 573 372 624 reliquisse
402 573 570 620 dicebat,
594 574 702 623 quod
733 572 851 610 etiam
881 573 948 623 qui
979 585 1052 611 vm
1083 574 1179 611 Idus
1206 573 1312 611 illinc
1343 574 1505 623 profecti

169 647 279 678 erant
308 639 572 686 nuntiabant3
601 638 666 676 illa
695 652 787 676 vero
819 652 957 677 omnes
992 638 1031 676 in
1062 638 1206 688 quibus
1241 638 1359 676 etiam
1396 641 1507 678 Cras-

170 704 274 754 sipes
295 705 361 754 qui
372 711 451 754 pro
471 704 680 754 prudentia
700 704 829 754 potuit
856 706 1069 750 attendere,
1093 718 1295 742 sermones
1326 705 1502 752 minacis,

168 768 351 808 inimicos
381 770 646 820 optimatium,
678 769 983 819 municipiorum
1017 770 1150 816 hostis,
1184 784 1309 808 meras
1344 770 1505 820 proscri-

110 849 148 870 10
167 835 333 885 ptiones‚
351 850 478 873 meros
495 837 640 882 Sullas;
660 848 761 884 quae
776 835 991 873 Lucceium
1005 835 1123 884 loqui,
1134 849 1234 885 quae
1249 843 1371 873 totam
1388 838 1504 874 Grae-

167 900 280 947 ciam,
299 914 400 950 quae
415 914 506 938 vero
527 901 816 950 Theophanem
835 903 842 938 Ι
889 903 938 938 Et
955 908 1086 938 tamen
1108 901 1236 939 omnis
1258 915 1346 951 spes
1367 901 1502 939 salutis
1521 911 1546 947 4

167 965 205 1003 in
236 965 310 1003 illis
340 973 398 1003 est
430 973 468 1004 et
498 979 571 1015 ego
601 966 756 1004 excubo
791 966 924 1003 animo
956 980 1029 1004 nec
1059 974 1208 1016 partem
1239 968 1357 1004 ullam
1388 967 1503 1016 capio

166 1030 307 1080 quietis
324 1039 372 1077 et,
389 1038 431 1068 ut
444 1032 514 1068 has
534 1030 654 1080 pestis
671 1030 865 1080 effugiam,
883 1044 972 1068 cum
994 1031 1263 1069 dissimillimis
1280 1032 1401 1070 nostri
1418 1046 1503 1070 esse

166 1095 284 1145 cupio
304 1098 310 1133 1
370 1095 478 1144 Quid
501 1095 606 1133 enim
628 1102 669 1132 tu
690 1095 769 1133 illic
794 1095 1033 1145 Scipionem,
1057 1096 1153 1145 quid
1182 1098 1382 1143 Faustum,
1405 1097 1502 1146 quid

109 1175 146 1207 ¹5
167 1159 363 1198 Libonem
394 1160 758 1211 praetermissurum
780 1161 935 1199 sceleris
957 1168 1070 1210 putas
1092 1175 1260 1211 quorum
1288 1161 1500 1200 creditores

166 1225 377 1264 convenire
398 1226 611 1264 dicuntur?
641 1225 737 1275 quid
758 1240 826 1264 eos
853 1234 996 1272 autem,
1021 1240 1110 1264 cum
1141 1226 1312 1273 vicerint,
1337 1227 1375 1264 in
1406 1227 1500 1265 civis

165 1291 404 1329 effecturos?
456 1304 574 1340 quam
614 1304 705 1329 vero
752 1292 1001 1343 μικροψυχίαν
1040 1291 1166 1330 Gnaei
1214 1291 1335 1330 nostri
1384 1295 1502 1331 esse?

166 1355 361 1393 Nuntiant
387 1357 611 1405 Aegyptum
641 1362 680 1394 et
710 1356 897 1394 Arabiam
919 1357 1113 1406 εὐδαίμονα
1139 1365 1176 1395 et
1204 1360 1502 1408 Μεσοποταμίαν

164 1421 346 1470 cogitare,
369 1420 445 1458 iam
470 1419 707 1470 Hispaniam
727 1421 929 1460 abiecisse.
990 1424 1170 1460 Monstra
1186 1431 1342 1462 narrant
1359 1439 1369 1472 3
1397 1438 1501 1474 quae

107 1502 144 1523 20
165 1487 261 1523 falsa
294 1500 379 1524 esse
417 1493 583 1536 possunt
614 1487 685 1524 sed
724 1494 827 1525 certe
867 1496 905 1525 et
936 1489 1033 1526 haec
1063 1488 1216 1538 perdita
1246 1496 1336 1527 sunt
1365 1497 1404 1528 et
1435 1490 1501 1528 illa

165 1564 246 1589 non
286 1550 476 1589 salutaria.
536 1552 643 1589 Tuas
682 1551 827 1590 litteras
866 1552 943 1590 iam
983 1552 1174 1591 desidero.
1236 1556 1329 1592 Post
1368 1556 1499 1605 fugam

165 1623 340 1654 nostram
379 1629 596 1665 numquam
636 1616 713 1654 iam
754 1625 906 1654 tantum
946 1631 1077 1656 earum
1123 1618 1367 1657 intervallum
1414 1621 1495 1658 fuit.

166 1681 260 1719 Misi
294 1682 344 1719 ad
384 1688 421 1719 te
459 1682 683 1730 exemplum
723 1681 937 1720 litterarum
983 1697 1157 1721 mearum
1196 1685 1246 1722 ad
1287 1686 1495 1724 Caesarem

164 1745 308 1795 quibus
339 1759 401 1783 me
430 1744 579 1794 aliquid
609 1747 873 1795 profecturum
904 1754 1010 1797 puto.

209 1870 225 1898 7
251 1860 307 1890 illa
324 1859 366 1888 M
382 1860 434 1899 (sc.
456 1870 622 1889 sermones
639 1860 776 1890 minacis
792 1861 982 1901 mcnliant):
1008 1861 1102 1892 illinc
1120 1863 1196 1892 com'.
1218 1863 1347 1902 quscr
1474 1865 1494 1893 8

162 1903 218 1941 qui
244 1913 304 1942 pro
328 1903 508 1942 prudentia
526 1903 634 1942 potuit
655 1905 833 1934 attendere
851 1903 993 1944 Madvzg
1009 1905 1183 1936 Lehmann
1205 1906 1276 1945 (sed
1295 1908 1323 1936 is
1348 1917 1408 1946 pro
1433 1918 1493 1938 sua

161 1947 299 1986 prud.):
335 1947 390 1986 qui
420 1947 601 1985 prudentia
629 1948 743 1986 potius
770 1948 948 1978 attendere
973 1948 1029 1979 JVI:
1066 1949 1120 1988 qui
1146 1951 1360 1988 prudentiam
1379 1952 1492 1990 potius

161 1991 362 2021 ostenderet
378 1990 459 2020 coni.
476 1990 562 2020 Boot
671 1992 709 2020 18
733 1995 766 2021 et
783 1992 1030 2028 Μεσοποταμίαν
1046 2003 1074 2022 v.
1091 2004 1113 2023 c.
1133 1992 1166 2022 P
1178 1993 1292 2023 codices
1308 1994 1391 2024 Bosi
1406 1994 1490 2024 Crat.

165 2033 235 2069 (sed
249 2034 277 2063 is
293 2038 326 2063 et
344 2033 645 2072 Mesopotamiam)
660 2044 666 2064 ς
691 2044 758 2064 ΘΜ.
775 2034 809 2064 R
826 2038 856 2064 et
870 2040 898 2064 Δ
1002 2045 1039 2074 19
1064 2036 1127 2065 iam
1143 2035 1352 2077 Wesenberg:
1380 2039 1413 2068 in
1431 2037 1490 2069 M:

163 2076 293 2106 Italiam
315 2081 349 2106 et
372 2075 543 2106 Schmidt:
567 2077 600 2106 in
625 2078 910 2117 transponendmn
934 2082 1007 2109 aule
1031 2078 1228 2118 Aegyptum
1243 2081 1276 2117 (l.
1308 2082 1361 2112 18)
1387 2082 1491 2121 suspi-

162 2123 257 2149 catur
268 2119 354 2149 Reid
537 2130 579 2149 22
604 2120 668 2150 iam
686 2125 816 2151 tantum
834 2121 1006 2152 Muretus:
1032 2122 1095 2153 iam
1114 2118 1268 2155 nostrum
1287 2124 1374 2154 codd.
1391 2136 1396 2154 z
1424 2129 1491 2155 tam

162 2161 299 2202 longum
320 2163 488 2193 Corradus
