1742 2651
610 144 722 181 EPP.
756 143 834 180 AD
864 143 1124 182 ATTICVM
1448 145 1516 183 IX.
1542 155 1573 182 x

187 255 415 294 inconstans
464 256 533 293 sed
574 256 763 294 demens.'
840 256 887 292 In
927 255 1067 292 eadem
1107 254 1273 304 epistula
1313 254 1389 292 alio
1429 257 1531 303 loco,

191 321 322 358 ‘Nihil
348 320 580 370 relinquitur
606 319 680 358 nisi
707 321 807 369 fuga,
832 319 895 358 cui
925 326 962 357 te
993 318 1144 357 socium
1172 319 1401 369 neutiquam
1434 328 1530 370 puto

187 399 273 424 esse
305 393 485 435 oportere
524 399 597 424 nec
628 398 818 434 umquam
857 384 1015 434 putavi?
1073 386 1218 421 Totam
1257 392 1388 422 autem
1428 386 1529 423 hanc
1552 393 1575 432 7

188 450 514 489 deliberationem
545 449 690 488 evolvis
720 449 938 488 accuratius
966 448 1005 486 in
1032 448 1167 487 litteris
1193 461 1266 486 vm
1300 451 1389 486 Kal.
1413 451 1530 487 Mart.

151 527 168 558 5
189 515 301 562 datis,
328 514 388 553 ‘Si
420 516 489 553 Μ’.
506 513 682 564 Lepidus
702 521 741 552 et
757 515 802 551 L.
817 513 1028 551 Volcacius
1049 521 1263 560 remanent,
1287 515 1529 552 manendum

188 587 296 630 puto,
329 579 383 618 ita
413 588 467 628 ut,
499 579 532 619 si
563 581 692 619 salvus
725 579 774 618 sit
806 578 1020 628 Pompeius
1052 586 1090 616 et
1124 578 1341 617 constiterit
1371 579 1527 625 alicubi,

188 645 290 682 hanc
324 646 467 683 νέκυιαν
499 644 695 694 relinquas
734 651 772 682 et
810 651 849 681 te
880 643 920 681 in
952 642 1165 681 certamine
1197 643 1299 681 vinci
1338 657 1427 681 cum
1463 644 1529 682 illo

187 708 336 747 facilius
358 709 513 759 patiaris
534 722 653 759 quam
675 722 766 746 cum
788 709 864 745 hoc
885 707 925 745 in
952 721 998 746 ea
1025 721 1126 757 quae
1152 708 1382 758 perspicitur
1402 710 1529 746 futura

187 773 355 812 colluvie
389 776 573 824 regnare?
631 774 760 810 Multa
794 772 971 822 disputas
1007 772 1098 810 huic
1138 773 1355 811 sententiae
1389 787 1529 812 conve-

129 853 169 875 10
188 838 347 876 nientia.
407 841 507 877 Inde
533 840 584 876 ad
612 846 841 885 extremum,
875 840 884 856 ‘
901 837 1011 886 Quid
1032 838 1085 875 si'
1107 837 1236 887 inquis
1270 842 1278 857 ‘
1295 838 1469 888 Lepidus
1491 846 1528 877 et

187 904 397 942 Volcacius
425 904 664 943 discedunt?
721 905 842 942 Plane
870 906 1006 954 ἀπορῶ.
1065 905 1186 952 Quod
1214 904 1385 942 evenerit
1415 903 1529 953 igitur

186 977 224 1008 et
245 971 353 1019 quod
375 969 497 1020 egeris
518 969 557 1008 id
575 970 770 1019 στερκτέον
790 969 964 1018 putabo.⁷
1022 968 1062 1007 Si
1085 976 1166 1006 tum
1189 968 1399 1015 dubitaras,
1423 983 1528 1007 nunc

186 1041 290 1073 certe
322 1048 402 1072 non
435 1034 591 1072 dubitas
624 1034 705 1072 istis
738 1033 1003 1072 manentibus.
1063 1033 1219 1071 Deinde
1252 1033 1289 1071 in
1326 1034 1409 1083 ipsa
1440 1036 1529 1083 fuga
1552 1040 1575 1076 8

188 1112 213 1136 V
246 1101 336 1137 Kal.
370 1099 543 1147 Martias,
592 1101 774 1137 ‘Interea
809 1113 888 1137 non
928 1098 1069 1137 dubito
1109 1099 1203 1148 quin
1239 1098 1278 1136 in
1318 1099 1528 1138 Formiano

130 1177 167 1209 15
189 1178 394 1203 mansurus
426 1165 490 1203 sis.
548 1164 884 1204 Commodissime
923 1164 1028 1202 enim
1066 1165 1108 1203 τὸ
1149 1165 1292 1213 μέλλον
1330 1164 1384 1202 ibi
1423 1183 1528 1214 καρα-

187 1231 378 1280 δοκήσειςῖ
436 1233 568 1280 Atque
601 1232 653 1267 K.
691 1232 818 1276 Mart,
853 1243 944 1267 cum
984 1229 1047 1267 ille
1087 1229 1268 1279 quintum
1305 1229 1381 1267 iam
1422 1230 1528 1268 diern

188 1296 371 1334 Brundisi
411 1304 523 1343 esset,
578 1298 705 1333 ‘Tum
749 1295 965 1345 poterimus
1005 1295 1221 1333 deliberare
1260 1308 1338 1333 non
1380 1295 1528 1334 scilicet

187 1361 335 1412 integra
365 1375 404 1399 re
432 1362 501 1399 sed
526 1369 629 1399 certe
660 1360 788 1398 minus
816 1360 980 1398 infracta
1007 1373 1126 1409 quam
1154 1360 1185 1397 si
1213 1373 1291 1398 una
1320 1360 1528 1410 proieceris

188 1434 238 1464 te.
308 1426 464 1464 Deinde
496 1438 558 1463 1111
591 1427 698 1464 Non.
722 1424 896 1472 Martias,
919 1426 989 1463 ὑπὸ
1019 1426 1085 1474 τὴν
1114 1427 1228 1475 λῆψιν
1249 1439 1339 1463 cum
1362 1425 1529 1464 breviter

129 1507 168 1529 20
188 1491 386 1538 scriberes,
429 1498 561 1529 tamen
601 1490 714 1541 ponis
754 1492 841 1539 hoc,
897 1491 1014 1529 ‘Cras
1049 1490 1216 1528 scribam
1256 1492 1367 1540 plura
1400 1498 1438 1528 et
1475 1492 1527 1529 ad

187 1557 346 1601 omnia3
377 1558 460 1594 hoc'
478 1564 609 1594 tamen
639 1556 780 1602 dicam,
803 1568 884 1593 non
914 1555 1113 1605 paenitere
1141 1569 1203 1593 me
1231 1555 1369 1593 consili
1390 1557 1440 1594 de
1461 1563 1528 1593 tua

186 1622 404 1668 mansione,
434 1629 472 1659 et
508 1635 749 1671 quamquam
783 1634 923 1671 magna
959 1620 1233 1667 sollicitudine,
1268 1629 1400 1659 tamen
1435 1621 1528 1671 quia

186 1686 314 1724 minus
347 1686 438 1724 mali
476 1694 571 1736 puto
603 1700 688 1724 esse
718 1699 837 1735 quam
869 1685 907 1722 in
939 1685 1003 1722 illa
1032 1685 1286 1735 profectione,
1311 1699 1452 1724 maneo
1486 1685 1525 1723 in

185 1751 379 1790 sententia
409 1759 446 1789 et
475 1753 629 1802 gaudeo
660 1759 697 1790 te
728 1750 941 1788 mansisse?
1000 1751 1101 1789 Cum
1132 1764 1224 1789 vero
1254 1750 1331 1788 iam
1365 1764 1525 1801 angerer
1546 1759 1573 1796 9

127 1833 164 1864 25
185 1825 223 1856 et
255 1817 433 1855 timerem
473 1831 522 1855 ne
556 1817 652 1867 quid
686 1831 708 1855 a
740 1831 803 1855 me
838 1815 1043 1854 dedecoris
1075 1823 1177 1854 esset
1215 1816 1445 1863 admissum,
1478 1829 1523 1853 111

186 1884 322 1921 Nonas
346 1885 474 1929 Mart,
511 1885 685 1921 ‘Tamen
713 1891 750 1921 te
781 1896 860 1921 non
888 1895 972 1920 esse
1000 1895 1079 1919 una
1110 1894 1199 1919 cum
1232 1881 1423 1931 Pompeio
1444 1896 1524 1920 non

186 1949 266 1986 sero
300 1950 477 1986 moleste.
537 1951 691 1992 Postea,
721 1949 752 1986 si
787 1962 886 1998 opus
919 1946 1042 1993 fuerit,
1073 1960 1153 1984 non
1187 1946 1258 1985 erit
1289 1946 1456 1994 difficile,
1487 1954 1525 1985 et

186 2012 249 2059 illi,
273 2027 435 2063 quoquo
468 2021 644 2064 tempore
665 2015 740 2059 fiet,
765 2013 835 2052 erit
865 2005 1113 2063 ἀσμενιστόνς
1151 2013 1220 2050 sed
1251 2013 1326 2050 hoc
1357 2011 1409 2050 ita
1433 2012 1524 2051 dico

185 2077 216 2115 si
243 2078 307 2116 hic
331 2092 409 2128 qua
440 2079 590 2117 ratione
614 2079 768 2117 initium
797 2079 887 2117 fecit
918 2081 1057 2117 eadem
1085 2086 1214 2116 cetera
1239 2084 1337 2127 aget,
1361 2077 1521 2124 sincere,

125 2157 166 2186 30
185 2151 410 2193 temperate,
452 2145 675 2194 prudenter,
715 2146 831 2184 valde
874 2144 1008 2182 videro
1041 2151 1078 2182 et
1110 2142 1393 2181 consideratius
1425 2142 1524 2180 utili-

242 1428 248 1443 7

234 2258 271 2277 12
296 2248 466 2278 dubit-aras
482 2248 625 2278 Rosius:
651 2258 740 2278 >ares
758 2248 818 2278 M:
843 2247 1074 2278 -abasEmwssz
1201 2249 1240 2277 16
1264 2246 1378 2286 Atque
1398 2245 1522 2276 ll'esen-

186 2291 278 2331 berg:
311 2292 352 2321 ad
377 2292 434 2321 M:
458 2292 542 2330 fort.
567 2302 594 2322 a.
624 2293 654 2322 d.
678 2302 702 2321 11
841 2302 879 2330 19
906 2301 959 2321 1111
986 2291 1061 2322 M2':
1096 2290 1214 2321 illiM1
1273 2289 1331 2320 ὑπὸ
1349 2290 1408 2328 τὴν
1424 2290 1522 2330 λῆψιν

190 2333 291 2366 Vz'ct.:
328 2337 607 2365 ὙΠΟΤΠΑΠΨΙΝ
630 2333 690 2365 M:
724 2335 912 2375 ὑπογραφὴν
932 2335 980 2365 C:
1013 2334 1168 2376 διάλειψιν
1197 2334 1319 2365 Gnrlz'lt
1343 2334 1409 2365 coll.
1442 2344 1473 2364 2.
1506 2343 1519 2364 Ι

188 2379 230 2409 28
254 2378 447 2416 ἀσμενιστύν
471 2378 593 2418 ijrrell
606 2378 651 2409 ad
666 2389 684 2409 2
696 2388 749 2418 Α3
766 2391 773 2409 2
797 2378 992 2417 ἀσμένιστον
1010 2379 1098 2419 vulg.
