1742 2651
148 577 164 607 5

130 907 168 929 10

133 1699 172 1719 20

604 127 715 163 EPP.
748 126 824 162 AD
856 127 1113 164 ATTICVM
1401 128 1520 166 XIII.
1543 128 1603 166 vii

228 255 318 290 VII
467 258 536 290 Ser.
554 259 587 288 z'n
611 259 797 289 Tusculano
814 269 833 288 v
849 258 899 289 ld.
917 258 993 288 Iun.
1016 270 1046 289 a.
1070 269 1128 299 709
1147 262 1228 299 (45).

593 343 778 379 CICERO*
792 347 825 377 A
836 347 971 378 TTICO
1002 348 1108 379 SAL.

239 435 387 474 Sestius
418 436 525 486 apud
558 449 620 474 me
652 435 723 473 fuit
755 443 792 474 et
824 436 1111 485 Theopompus
1144 436 1279 486 pridie.
1350 436 1517 477 Venisse
1542 442 1588 482 (Ι)

185 515 208 539 a
237 502 405 540 Caesare
433 502 613 539 narrabat
637 501 781 539 litteras
797 515 807 548 3
837 502 912 538 hoc
944 501 1123 549 scribere,
1148 501 1221 540 sibi
1252 509 1401 540 certum
1433 517 1518 542 esse

187 567 340 603 Romae
382 579 540 604 manere
581 579 819 615 causamque
860 579 946 603 eam
987 565 1181 604 ascribere
1220 580 1321 616 quae
1360 575 1439 605 erat
1479 567 1518 605 in

186 632 351 682 epistula
372 640 514 678 nostra,
534 646 582 670 ne
608 645 649 670 se
669 632 832 670 absente
854 633 957 682 leges
985 645 1079 671 suae
1102 635 1399 682 neglegerentur
1420 633 1519 672 sicut

186 705 288 736 esset
310 699 487 747 neglecta
503 697 744 748 sumptuaria
757 698 832 747 (est
854 700 1009 750 εὔλογον
1026 698 1146 747 idque
1163 712 1268 736 eram
1285 699 1516 749 suspicatus.

187 764 265 801 Sed
295 762 376 800 istis
405 776 489 801 mos
516 764 709 813 gerendus
736 770 804 809 est,
829 763 902 801 nisi
930 765 1057 813 placet
1080 765 1182 801 hanc
1210 763 1335 813 ipsam
1365 773 1519 803 senten-

188 828 281 866 tiam
302 842 374 866 nos
395 829 604 879 persequi),
628 837 666 867 et
694 831 906 867 Lentulum
934 843 1025 867 cum
1056 831 1218 868 Metella
1247 838 1350 868 certe
1380 830 1519 869 fecisse

187 894 411 933 divortium.
473 896 586 932 Haec
613 894 748 932 onmia
769 902 810 932 tu
832 894 982 933 melius.
1046 895 1253 933 Rescribes
1279 895 1392 945 igitur
1413 896 1519 945 quic-

188 959 284 1009 quid
306 961 423 1006 voles,
442 961 537 998 dum
560 960 680 998 modo
700 960 860 1010 aliquid.
914 962 998 998 Iam
1021 960 1127 998 enim
1149 975 1229 998 non
1251 961 1402 1011 reperio
1424 961 1520 1010 quid

189 1032 225 1062 te
252 1025 527 1075 rescripturum
559 1032 704 1075 putem,
727 1024 801 1063 nisi
826 1026 924 1064 forte
951 1026 1001 1064 de
1024 1027 1196 1064 Mustela
1227 1033 1294 1064 aut
1324 1026 1355 1064 si
1383 1026 1519 1065 Silium

187 1088 339 1128 videris.

231 1237 323 1273 VII
340 1249 364 1272 a
482 1241 551 1272 διν.
573 1241 606 1271 in
630 1240 813 1271 thsculano
830 1241 862 1272 iv
878 1241 928 1271 Id.
949 1241 1022 1272 Ilm.
1045 1253 1074 1272 a.
1098 1252 1156 1282 709
1175 1243 1256 1282 (θ’).

597 1329 765 1360 CICERO
794 1329 975 1360 ATTICO
1005 1329 1109 1360 SAL.

187 1429 195 1436 ·
245 1420 387 1457 Brutus
416 1418 498 1457 heri
525 1418 630 1458 venit
660 1419 699 1456 in
729 1421 1000 1457 Tusculanum
1030 1427 1119 1469 post
1150 1420 1286 1458 horam
1308 1419 1515 1458 decimam.
1540 1427 1604 1466 (vu
1624 1424 1656 1464 2)

191 1485 328 1523 Hodie
358 1484 472 1535 igitur
502 1499 564 1523 me
585 1485 734 1523 videbit
759 1499 805 1523 ac
829 1486 970 1523 vellem
1002 1493 1085 1522 tum
1116 1493 1157 1523 tu
1187 1486 1356 1523 adesses,
1418 1484 1519 1523 Iussi

190 1551 375 1600 equidem
407 1551 442 1589 ei
478 1551 645 1589 nuntiari
680 1559 728 1597 te,
760 1552 892 1600 quoad
925 1551 1129 1601 potuisses,
1161 1558 1406 1600 exspectasse
1438 1551 1520 1589 eius

189 1618 403 1656 adventum
434 1624 721 1666 venturumque
751 1617 782 1654 si
815 1617 992 1655 audisses
1028 1630 1182 1666 meque,
1217 1623 1258 1654 ut
1288 1616 1402 1664 facio,
1432 1630 1522 1655 con-

190 1682 302 1721 tinuo
323 1690 360 1720 te
382 1682 587 1721 certiorem
609 1696 693 1720 esse
714 1683 918 1720 facturum.

233 1832 350 1867 VIII
473 1834 540 1865 Scr.
560 1835 593 1864 in
615 1834 799 1864 Tusculano
816 1835 849 1864 τί
863 1834 909 1865 Id.
931 1834 1006 1864 Iun.
1028 1845 1056 1864 a.
1081 1843 1138 1872 709
1158 1833 1238 1874 (453.

598 1923 766 1953 CICERO
796 1922 978 1952 ATTICO
1008 1920 1113 1952 SAL.

247 2015 367 2051 Plane
394 2012 491 2050 nihil
521 2019 602 2050 erat
626 2013 734 2061 quod
760 2013 810 2050 ad
839 2019 876 2049 te
907 2009 1145 2057 scriberem3
1175 2011 1296 2048 modo
1317 2009 1423 2048 enim
1450 2009 1525 2047 dis-

192 2092 363 2117 cesseras
403 2086 440 2116 et
480 2079 597 2127 paulo
637 2084 725 2126 post
763 2077 923 2127 triplicis
959 2076 1171 2114 remiseras.
1242 2075 1372 2113 Velim
1412 2088 1524 2113 cures

135 2158 149 2178 2
194 2143 422 2181 fasciculum
449 2144 500 2180 ad
522 2142 746 2180 Vestorium
776 2143 1034 2180 deferendum
1065 2149 1103 2179 et
1132 2140 1279 2190 aliquoi
1309 2141 1378 2179 des
1409 2153 1522 2189 nego-

195 2209 293 2247 tium
308 2208 375 2258 qui
389 2215 560 2258 quaerat.
611 2208 659 2255 Q.
677 2207 827 2246 Staberi
848 2208 994 2245 fundus
1008 2220 1103 2244 num
1120 2206 1206 2255 quis
1222 2206 1260 2243 in
1279 2205 1525 2255 Pompeiano

242 2324 275 2343 11
302 2314 428 2353 aliquid
446 2312 562 2343 Lamb.
581 2323 586 2341 τ
613 2312 737 2350 nequid
752 2311 808 2341 M:
835 2311 914 2351 quid
933 2311 1044 2341 Baiter
1132 2311 1219 2349 quod
1237 2310 1367 2340 Ernesti
1488 2319 1526 2338 12

194 2358 258 2387 nisi
277 2361 367 2388 vest:
390 2357 417 2387 si
437 2357 477 2385 M
554 2356 580 2385 si
598 2355 634 2385 I:
660 2366 723 2385 om.
744 2354 784 2384 Μ
900 2366 936 2393 17
965 2354 1049 2384 Iussi
1069 2347 1259 2384 CZIORP:
1286 2353 1350 2384 nisi
1369 2352 1429 2382 M:
1455 2352 1527 2383 misi

194 2412 210 2430 s
230 2401 316 2432 Crat.
407 2402 447 2430 26
471 2399 586 2430 stateri
606 2399 668 2439 ψεῖ
683 2399 814 2438 staleri)
833 2399 894 2429 M:
922 2398 1051 2429 Faber-ii
1068 2398 1157 2438 vulg.

1375 2451 1436 2482 29*
