1742 2651
108 107 202 143 XII.
221 119 286 143 xx
584 108 638 144 M.
671 108 838 144 TVLLI
870 108 1176 145 CICERONIS

218 216 279 253 De
299 215 485 253 Terentia
513 223 644 254 autem
676 215 809 265 scripsi
839 217 889 253 ad
918 223 954 253 te
983 215 1037 253 eis
1066 215 1201 254 litteris
1232 230 1328 266 quas
1356 217 1540 256 dederam

215 280 350 330 pridie.
411 282 533 329 Quod
554 294 617 318 me
638 280 802 319 hortaris
824 281 943 330 idque
963 294 986 318 a
1007 281 1144 319 ceteris
1168 281 1379 320 desiderari
1407 282 1542 321 scribis

215 353 257 383 ut
290 345 533 384 dissimulem
570 359 632 384 me
671 354 751 384 tam
789 346 953 395 graviter
992 347 1138 393 dolere,
1168 360 1382 396 possumne
1421 347 1542 396 magis

214 424 332 460 quam
354 425 475 460 quom
497 418 600 449 totos
621 410 705 448 dies
732 424 925 449 consumo
946 410 984 447 in
1006 410 1171 449 litteris?
1228 412 1348 460 Quod
1370 411 1441 449 etsi
1462 425 1541 450 non

214 475 537 514 dissimulationis
566 477 635 513 sed
660 476 790 525 potius
816 475 988 513 leniendi
1017 484 1055 514 et
1082 477 1247 514 sanandi
1275 477 1395 514 animi
1425 491 1543 516 causa
1562 491 1579 522 5

214 541 327 587 facio,
350 549 482 579 tamen
510 540 541 579 si
566 541 661 578 mihi
692 541 821 579 minus
851 541 1014 591 proficio
1044 541 1283 580 simulationi
1311 550 1414 581 certe
1441 543 1542 581 facio

215 605 317 643 satis

172 682 196 708 2
271 671 406 709 Minus
428 672 550 709 multa
570 673 620 709 ad
643 679 679 709 te
701 671 846 720 scripsi,
865 672 974 720 quod
995 672 1269 720 exspectabam
1292 680 1377 710 tuas
1398 672 1542 712 litteras

214 737 265 774 ad
286 749 350 774 eas
372 749 468 785 quas
489 735 613 785 pridie
638 737 836 773 dederam.
898 736 1187 784 Exspectabam
1214 745 1346 774 autem
1375 738 1542 776 maxime

214 803 263 840 de
297 803 399 848 fano,
432 816 511 839 non
544 802 640 839 nihil
673 802 791 840 etiam
823 803 872 840 de
906 802 1102 840 Terentia.
1162 802 1292 839 Velim
1329 816 1391 840 me
1423 803 1541 841 facias
1566 818 1602 840 10

212 866 416 905 certiorem
460 867 645 917 proximis
688 866 823 904 litteris
864 868 935 905 Cn.
979 867 1129 916 Caepio
1173 867 1355 905 Serviliae
1399 869 1541 906 Claudi

211 939 321 981 pater
350 932 490 970 vivone
520 940 628 982 patre
660 945 732 969 suo
766 931 966 980 naufragio
997 931 1151 980 perierit
1181 945 1230 969 an
1260 939 1425 978 mortuo,
1449 932 1541 970 item

214 997 361 1035 Rutilia
392 997 532 1035 vivone
567 998 611 1036 C.
645 998 763 1035 Cotta
797 996 877 1034 filio
909 1009 980 1034 suo
1020 1004 1174 1035 mortua
1207 996 1255 1034 sit
1288 1011 1338 1034 an
1374 1005 1538 1035 mortuo.

213 1063 414 1102 Pertinent
445 1065 495 1102 ad
528 1076 618 1101 eum
653 1062 796 1101 librum
832 1075 950 1112 quem
983 1063 1032 1100 de
1065 1064 1172 1100 luctu
1206 1062 1423 1101 minuendo
1455 1062 1542 1101 scri-

211 1128 372 1179 psimus.
1565 1143 1601 1174 15

256 1228 367 1264 XXI
532 1231 600 1263 ΞΝ.
621 1231 769 1262 Asturae
784 1232 843 1262 ‚rvi
855 1231 898 1262 K.
916 1231 1001 1271 Apr.
1019 1242 1049 1261 (ι.
1073 1241 1131 1270 709
1152 1231 1234 1272 (45).

615 1308 786 1339 CICERO
816 1308 1001 1339 ATTICO
1031 1307 1136 1339 SAL.

177 1402 194 1428 1
268 1387 361 1438 Legi
389 1387 497 1426 Bruti
528 1387 735 1437 epistulam
766 1401 932 1436 eamque
962 1386 1033 1424 tibi
1064 1386 1192 1425 remisi
1223 1400 1316 1425 sane
1347 1400 1426 1425 non
1458 1400 1542 1436 pru-

212 1455 351 1492 denter
371 1453 601 1502 rescriptum
621 1453 673 1490 ad
694 1466 739 1490 ea
761 1465 861 1501 quae
883 1451 1123 1501 requisieras.
1185 1453 1263 1490 Sed
1286 1451 1367 1500 ipse
1389 1451 1539 1490 viderit.

213 1520 467 1567 Quamquam
495 1518 591 1556 illud
621 1517 782 1566 turpiter
812 1516 972 1566 ignorat.
1033 1517 1228 1554 Catonem
1258 1516 1427 1566 primum
1458 1531 1541 1555 sen-
1562 1533 1602 1554 20

211 1583 373 1621 tentiam
395 1590 506 1633 putat
530 1584 580 1621 de
607 1582 947 1620 animadversione
972 1581 1114 1619 dixisse
1142 1595 1261 1630 quam
1288 1595 1426 1620 omnes
1449 1590 1541 1620 ante

211 1648 388 1686 dixerant
427 1655 578 1698 praeter
618 1648 827 1686 Caesarem
867 1654 916 1692 et,
950 1659 1040 1683 cum
1081 1645 1202 1695 ipsius
1243 1646 1420 1685 Caesaris
1461 1654 1540 1684 tam

211 1726 344 1751 severa
375 1712 488 1750 fuerit
520 1712 586 1762 qui
622 1719 704 1749 tum
740 1710 934 1761 praetorio
970 1712 1058 1748 loco
1093 1710 1242 1756 dixerit,
1277 1710 1540 1748 consularium

212 1785 322 1827 putat
351 1777 518 1815 leniores
548 1776 677 1822 fuisse,
704 1775 845 1821 Catuli,
876 1775 1021 1821 Servili,
1055 1777 1319 1821 Lucullorum,
1345 1775 1538 1822 Curionis,

212 1842 414 1892 Torquati,
438 1842 590 1892 Lepidi,
614 1842 728 1889 Gelli,
749 1841 924 1886 Volcaci,
949 1840 1086 1890 Figuli,
1110 1841 1262 1886 Cottae,
1286 1842 1329 1877 L.
1349 1841 1537 1887 Caesaris,
1562 1857 1599 1888 25

213 1909 258 1947 C.
287 1908 450 1954 Pisonis,
476 1910 541 1945 M'.
566 1907 802 1953 Glabrionis,
829 1906 946 1944 etiam
987 1906 1117 1951 Silani,
1147 1907 1338 1944 Murenae
1366 1906 1541 1955 designa-

213 1980 340 2011 torum
371 1975 590 2011 consulum.
651 1974 731 2012 Cur
758 1985 830 2021 ego
858 1971 897 2008 in
925 1970 1159 2009 sententiam
1183 1970 1378 2010 Catonis?
1437 1971 1542 2019 Quia

211 2038 338 2077 verbis
359 2038 683 2077 luculentioribus
711 2045 748 2075 et
776 2036 951 2086 pluribus
981 2049 1062 2073 rem
1091 2037 1259 2074 eandem
1287 2037 1541 2085 comprehen-

211 2105 332 2143 derat.
392 2106 460 2142 Me
489 2112 621 2142 autem
655 2103 718 2141 hic
753 2103 885 2140 laudat
919 2102 1027 2151 quod
1060 2101 1284 2147 rettulerim,
1318 2114 1398 2138 non
1430 2102 1539 2150 quod

211 2169 472 2220 patefecerim,
496 2171 599 2218 quod
616 2170 842 2207 cohortatus
864 2166 951 2214 sim,
973 2168 1080 2216 quod
1109 2166 1280 2216 denique
1306 2174 1397 2204 ante
1418 2180 1537 2215 quam
1560 2180 1600 2211 30

254 2284 272 2303 2
287 2273 368 2314 fort.
387 2273 496 2313 pridie
514 2273 563 2304 Id.
583 2273 731 2311 idemque
748 2272 765 2301 l.
787 2282 808 2309 9
931 2281 950 2308 4
975 2281 1074 2309 quom
1095 2270 1197 2309 (euml
1220 2269 1422 2299 Gronovius:
1447 2269 1538 2308 quod

212 2317 252 2347 M
396 2319 438 2347 26
462 2317 561 2347 etiam
590 2320 663 2346 ante
689 2315 797 2345 Silani
821 2315 1005 2354 transponit
1028 2314 1133 2344 Boot:
1167 2317 1242 2343 ante
1270 2312 1323 2343 M'.
1348 2313 1538 2343 Glabrionis

210 2361 327 2392 liabent
341 2360 428 2392 codd.
565 2371 607 2399 30
631 2360 719 2399 qnod
737 2357 811 2388 add.
835 2357 912 2388 Vict.
