1742 2651
539 138 650 174 EPP.
683 138 760 174 AD
790 138 1049 176 ATTICVM
1405 142 1475 177 XI.
1499 141 1560 177 vii

134 247 282 298 Sulpici
310 256 442 286 autern
474 249 681 287 consilium
710 262 789 286 non
815 248 1000 298 scripsisti
1031 263 1098 287 cur
1129 263 1217 288 meo
1249 264 1328 287 non
1358 260 1463 289 ante-
1482 263 1508 299 4

134 326 310 362 poneres.
371 314 492 361 Quod
519 313 589 351 etsi
619 327 698 351 non
727 321 805 351 tam
832 313 1045 362 gloriosum
1067 322 1124 352 est
1146 328 1263 364 quam
1287 316 1462 362 Catonis,

133 386 266 415 tamen
299 387 335 416 et
371 378 544 428 periculo
576 392 743 416 vacuum
776 386 833 416 est
866 386 903 416 et
937 380 1084 417 dolore.
1147 382 1375 417 Extremum
1407 389 1465 418 est

133 456 269 480 eorum
301 443 366 492 qui
398 443 437 480 in
467 443 619 482 Achaia
648 452 748 481 sunt.
810 443 842 481 Ii
875 452 1006 481 tamen
1039 444 1112 494 ipsi
1144 458 1184 482 se
1220 447 1295 483 hoc
1327 446 1465 483 melius

95 522 111 552 5
134 507 281 545 habent
303 522 421 557 quam
452 522 524 546 nos
554 510 663 558 quod
688 517 725 546 et
754 508 864 546 multi
893 517 982 546 sunt
1011 523 1090 547 uno
1118 510 1156 546 in
1182 512 1270 548 loco
1299 520 1347 555 et,
1374 525 1465 548 cum

133 573 174 610 2'72
225 572 378 610 Italiam
418 573 606 619 venerint,
647 574 811 611 domum
851 573 981 610 statim
1021 574 1207 612 venerint.
1271 577 1384 613 Haec
1425 584 1465 613 tu

134 650 263 687 perge,
294 646 335 675 ut
366 637 470 684 facis,
505 637 679 687 mitigare
709 646 747 675 et
776 638 942 687 probare
972 651 1090 687 quam
1122 639 1308 688 plurimis.

189 704 310 751 Quod
338 711 376 740 te
404 716 577 749 excusas,
601 717 673 752 ego
700 716 791 741 vero
816 711 853 741 et
878 711 964 741 tuas
994 717 1131 741 causas
1162 718 1285 742 nosco
1313 713 1350 743 et
1379 719 1466 743 mea
1486 713 1509 750 5

133 767 320 806 interesse
340 776 436 817 puto
465 776 501 805 te
526 767 611 805 istic
639 780 723 806 esse
750 769 810 805 vel
839 776 879 805 ut
909 781 999 805 cum
1032 768 1076 806 iis
1102 768 1244 818 quibus
1270 769 1466 819 oportebit

76 847 114 870 10
133 845 224 881 agas
255 845 357 881 quae
387 840 499 870 erunt
529 833 682 882 agenda
710 833 760 870 de
787 825 920 879 nobis,
951 841 992 870 ut
1025 847 1069 871 ea
1103 847 1203 883 quae
1235 834 1357 884 egisti.
1419 836 1466 871 In

134 896 348 946 primisque
380 898 455 934 hoc
486 897 602 934 velim
636 896 934 935 animadvertas.
999 900 1149 936 Multos
1185 912 1269 937 esse
1303 899 1468 937 arbitror

133 961 201 1011 qui
221 963 272 999 ad
295 962 504 1000 Caesarem
533 962 743 999 detulerint
764 962 978 1000 delaturive
1000 963 1076 1000 sint
1098 977 1160 1001 me
1181 972 1247 1001 aut
1269 964 1467 1013 paenitere

133 1027 273 1064 consili
296 1026 371 1064 mei
388 1034 454 1064 aut
477 1040 556 1064 non
579 1028 744 1076 probare
765 1040 865 1076 quae
888 1028 992 1065 fiant.
1036 1029 1216 1076 Quorum
1235 1029 1305 1066 etsi
1323 1038 1468 1066 utrum-

134 1105 211 1141 que
238 1105 372 1129 verum
398 1099 466 1138 est,
491 1100 622 1129 tamen
650 1092 700 1129 ab
726 1091 799 1128 illis
826 1092 968 1130 dicitur
991 1092 1125 1130 animo
1149 1107 1171 1130 a
1197 1107 1258 1131 me
1283 1094 1463 1140 alienato,

76 1172 113 1203 15
135 1170 215 1194 non
237 1169 316 1206 quo
339 1156 389 1193 ita
417 1170 502 1194 esse
529 1156 806 1206 perspexerint.
866 1158 943 1195 s'ed
965 1159 1005 1195 ile
1026 1171 1065 1195 eo
1084 1164 1138 1195 est
1163 1166 1288 1196 totum
1320 1168 1361 1196 ut
1392 1160 1467 1196 hoc

137 1222 284 1259 Balbus
319 1222 508 1260 sustineat
539 1230 576 1260 et
608 1222 761 1272 Oppius
794 1230 831 1260 et
861 1236 996 1260 eorum
1028 1224 1172 1261 crebris
1203 1224 1338 1262 litteris
1366 1224 1467 1261 illius

134 1289 315 1326 voluntas
346 1302 435 1337 erga
465 1301 528 1325 me
559 1289 821 1325 confirmetur.
884 1290 933 1326 Et
965 1290 1040 1327 hoc
1071 1291 1186 1339 plane
1217 1298 1258 1327 ut
1290 1291 1354 1327 fiat
1384 1290 1469 1328 dili-

133 1353 306 1403 gentiam
338 1353 558 1391 adhibebis.
628 1354 806 1390 Alterum
839 1361 896 1390 est
929 1367 997 1391 cur
1028 1362 1065 1392 te
1097 1355 1219 1392 nolim
1252 1355 1465 1401 discedere,
1490 1362 1516 1397 6

136 1419 245 1467 quod
275 1417 411 1455 scribis
437 1419 606 1455 Tulliam
637 1425 674 1455 te
704 1417 886 1467 flagitare.
947 1419 982 1456 O
1014 1432 1094 1456 rem
1126 1419 1333 1457 miseram!
1373 1420 1469 1469 quid

79 1497 118 1518 20
137 1483 305 1521 scribam
333 1491 399 1520 aut
430 1482 525 1531 quid
548 1482 696 1519 velim?
754 1484 876 1520 Breve
908 1483 1058 1529 faciam,
1086 1484 1268 1522 lacrimae
1298 1485 1401 1522 enim
1428 1498 1469 1522 se

136 1548 268 1586 subito
308 1549 575 1597 profuderunt.
648 1546 738 1584 Tibi
774 1547 968 1596 permitto,
1006 1556 1047 1585 tu
1082 1551 1272 1591 consule;
1316 1557 1468 1586 tantum

139 1613 229 1651 vide
260 1627 308 1651 ne
339 1614 414 1651 hoc
447 1621 624 1662 tempore
651 1612 711 1649 isti
744 1612 885 1650 obesse
913 1613 1062 1662 aliquid
1093 1614 1225 1662 possit.
1288 1616 1466 1663 Ignosce,

135 1680 301 1717 obsecro
333 1688 380 1718 te.
443 1681 535 1717 Non
573 1693 734 1729 possum
767 1692 857 1728 prae
888 1679 981 1716 fletu
1012 1686 1049 1716 et
1080 1679 1217 1716 dolore
1247 1679 1394 1717 diutius
1429 1679 1468 1716 in

136 1744 212 1782 hoc
246 1746 335 1782 loco
370 1745 615 1783 commorari.
677 1746 849 1782 Tantum
887 1743 1028 1789 dicam,
1066 1743 1162 1780 nihil
1195 1743 1290 1781 mihi
1324 1743 1468 1793 gratius

78 1824 114 1855 25
135 1823 220 1848 esse
241 1824 359 1859 quam
381 1811 489 1859 quod
510 1824 597 1848 eam
619 1809 756 1860 diligis.

190 1876 312 1923 Quod
337 1874 481 1913 litteras
510 1874 652 1924 quibus
677 1883 791 1923 putas
819 1888 918 1924 opus
945 1887 1030 1912 esse
1055 1887 1166 1911 curas
1196 1875 1348 1912 dandas
1376 1874 1469 1912 facis
1489 1887 1511 1926 7

135 1941 357 1978 commode.
420 1939 614 1988 Quintum
643 1939 767 1977 filium
788 1939 867 1977 vidi
898 1939 965 1988 qui
997 1938 1102 1976 Sami
1124 1938 1295 1985 vidisset,
1318 1947 1468 1988 patrem

137 2004 327 2054 Sicyone:
367 2018 535 2054 quorum
571 2003 797 2054 deprecatio
837 2012 893 2041 est
926 2004 1059 2041 facilis.
1121 2003 1282 2041 Vtinam
1318 2003 1370 2041 illi
1402 2004 1469 2053 qui

179 2119 198 2147 3
223 2108 353 2149 tamen]
373 2108 448 2138 ln'nc
463 2108 579 2137 ilerum
598 2117 698 2146 nsque
714 2106 761 2137 ad
777 2117 825 2137 12.
846 2117 858 2136 1
881 2107 1038 2145 dixerat)
1057 2107 1190 2147 emmgit
1207 2106 1252 2135 W
1390 2109 1410 2136 6
1437 2107 1468 2137 in

135 2151 210 2182 add.
227 2156 297 2182 velt.
435 2161 451 2189 7
471 2161 577 2190 perge
599 2150 660 2180 W:
697 2161 758 2189 per
781 2149 822 2179 M
966 2161 1003 2188 15
1028 2160 1104 2180 esse
1126 2150 1170 2180 W
1185 2150 1270 2181 Crat.
1289 2162 1296 2180 t
1329 2161 1393 2180 om.
1416 2156 1470 2181 ΣΔ

136 2196 169 2225 in
188 2207 228 2225 eo
245 2200 297 2225 est
314 2194 390 2225 add.
409 2194 549 2235 Madwjg
565 2194 640 2233 (del.
661 2194 747 2234 Sed)
926 2203 963 2233 19
986 2194 1128 2224 Tulliam
1155 2199 1188 2224 te
1214 2195 1365 2233 flagitare
1387 2195 1466 2224 σοιτί.

141 2238 347 2277 Ῑῌεεωιὸεηρε
385 2244 417 2269 te
448 2239 601 2276 flagitare
628 2237 720 2269 CW:
760 2242 793 2268 et
826 2238 979 2276 flagitare
1013 2237 1064 2266 Ml
1082 2250 1088 2268 z
1128 2238 1313 2277 efflagitare
1348 2237 1446 2267 M²Es
1464 2249 1469 2267 :

135 2282 276 2312 Tulliam
299 2283 451 2320 flagitare
476 2281 688 2321 Malaspina:
720 2287 753 2311 te
779 2282 919 2320 flagitari
939 2281 967 2310 L
987 2282 1130 2320 anmrg.)
1152 2282 1239 2312 codd.
1261 2281 1361 2311 Eosi:
1385 2282 1464 2320 sors.

136 2325 331 2356 Terentiam
350 2325 518 2364 (1'tth'‹·l.'v
539 2331 570 2355 te
589 2325 739 2362 flagitare
851 2336 894 2355 20
918 2325 1025 2355 volam
1046 2324 1148 2354 Orelli
1248 2335 1288 2355 22
1314 2331 1468 2363 tempore

138 2369 190 2399 isti
209 2369 297 2400 Koch
315 2381 321 2400 ε
346 2370 507 2407 temporis
525 2374 557 2398 te
576 2368 679 2397 M¹W
