1742 2651
146 508 162 538 Ul

127 918 164 941 10

126 1625 164 1645 20

595 128 705 165 EPP.
738 127 816 164 AD
846 126 1106 165 ATTICVM
1404 126 1523 162 XIII.
1547 135 1608 161 xx

186 240 374 291 Δεδῆχθαι
395 246 432 277 te
452 252 490 276 eo
511 239 668 283 nollem,
692 238 800 287 quod
829 236 925 274 nihil
949 245 1039 274 erat.
1102 237 1241 274 Redeo
1263 235 1367 274 enim
1390 249 1519 274 rursus

184 307 337 344 eodem.
398 303 676 353 Quicquamne
706 316 769 340 me
796 309 909 352 putas
939 314 1073 338 curare
1095 300 1158 338 †in
1184 306 1305 345 toto‚†
1327 300 1400 338 nisi
1422 308 1463 338 ut
1484 299 1520 338 ei

184 384 234 408 ne
258 369 416 408 desim?
474 369 521 407 Id
551 381 625 417 ago
654 367 802 405 scilicet
832 374 873 404 ut
903 365 1048 403 iudicia
1072 365 1205 404 videar
1225 374 1368 403 tenere.
1431 366 1520 414 ιΜὴ

183 437 255 487 γὰρ
284 434 482 474 αὐτοῖς-3
538 434 692 471 Vellem
723 440 801 469 tam
833 430 1051 469 domestica
1084 432 1181 469 ferre
1211 444 1368 480 possem
1400 444 1518 480 quam

184 499 257 537 ista
288 507 552 538 contemnere.
613 499 731 534 Putas
765 504 897 533 autem
930 509 993 533 me
1024 495 1194 533 voluisse
1228 495 1377 544 aliquid
1410 497 1519 544 quod

184 565 399 614 perfectum
435 576 515 600 non
549 562 632 599 sit?
690 563 781 598 Non
814 560 904 598 licet
939 560 1087 598 scilicet
1119 560 1353 598 sententiam
1394 573 1515 597 suam.

184 629 263 667 Sed
292 636 424 666 tamen
455 641 555 677 quae
585 634 668 664 turn
697 633 785 663 acta
814 633 905 663 sunt
934 638 1015 662 non
1045 638 1206 674 possum
1238 639 1318 662 non
1354 626 1519 674 probare

183 700 220 731 et
254 701 387 730 tamen
422 705 503 729 non
537 704 670 729 curare
709 691 871 740 pulchre
902 702 1075 739 possum,
1114 689 1228 728 sicuti
1268 689 1380 728 facio.
1440 691 1519 728 Sed

184 757 349 795 nimium
372 759 495 794 multa
514 758 564 794 de
584 755 708 805 nugis.

227 902 337 937 XXI
514 903 581 935 Ser.
603 904 749 934 Asturae
765 904 795 933 iz}
811 903 853 933 K.
873 902 961 934 Sext.
981 913 1011 934 α.
1033 912 1091 942 709
1111 904 1191 942 (θ’).

591 991 762 1022 CICERO
792 991 973 1022 ATTICO
1002 991 1106 1022 SAL.

237 1084 301 1121 Ad
343 1081 518 1120 Hirtium
558 1081 744 1119 dederam
784 1080 991 1129 epistulam
1037 1094 1131 1118 sane
1169 1081 1357 1130 grandem
1397 1093 1553 1130 quaml

183 1147 411 1197 scripseram
447 1145 622 1196 proxime
661 1144 700 1182 in
734 1146 972 1183 Tusculano.
1035 1144 1142 1182 Huic
1182 1159 1300 1195 quam
1340 1153 1380 1183 tu
1422 1145 1517 1183 mihi

184 1211 322 1250 misisti
342 1211 553 1250 rescribam
573 1210 677 1248 alias.
738 1211 856 1247 Nunc
880 1209 955 1247 alia
979 1211 1093 1248 malo.
1154 1210 1262 1259 Quid
1284 1224 1445 1260 possum
1467 1211 1516 1249 de
1537 1223 1560 1250 2

183 1279 398 1327 Torquato,
428 1276 502 1313 nisi
531 1275 679 1325 aliquid
707 1288 730 1312 a
761 1276 998 1313 Dolabella?
1055 1276 1175 1323 Quod
1206 1275 1320 1312 simul
1348 1289 1404 1322 ac,
1427 1289 1518 1313 con-

183 1342 294 1380 tinuo
314 1341 454 1380 scietis.
517 1341 804 1389 Exspectabam
830 1339 949 1378 hodie
975 1347 1042 1377 aut
1070 1353 1268 1377 summum
1294 1354 1377 1378 cras
1398 1341 1448 1378 ab
1469 1354 1517 1379 eo

183 1407 431 1447 tabellarios:
475 1406 542 1456 qui
582 1406 696 1444 simul
735 1419 780 1443 ac
818 1405 1006 1451 venerint,
1043 1404 1246 1443 mittentur
1283 1407 1334 1444 ad
1373 1413 1420 1443 te.
1482 1408 1517 1443 A

184 1472 335 1521 Quinto
356 1479 551 1521 exspecto.
612 1471 868 1509 Proficiscens
896 1470 1001 1508 enim
1023 1484 1044 1508 e
1065 1472 1292 1508 Tusculano
1314 1483 1386 1508 vm
1413 1471 1513 1517 Kal„

183 1546 224 1575 ut
245 1537 331 1583 scis,
355 1536 442 1574 misi
462 1538 512 1574 ad
534 1549 624 1574 eum
646 1535 878 1573 tabellarios.

238 1604 355 1640 Nunc
389 1603 440 1640 ad
472 1615 553 1639 rem
589 1609 629 1638 ut
664 1602 833 1647 redeam,
868 1600 1090 1639 ‘inhibere⁷
1121 1600 1216 1638 illud
1248 1608 1369 1645 tuum,
1407 1601 1515 1650 quod
1535 1610 1559 1647 3

183 1669 296 1706 valde
326 1667 421 1704 mihi
451 1666 647 1711 adriserat‚
670 1667 924 1704 vehementer
953 1666 1144 1716 displicet.
1205 1668 1275 1703 Est
1305 1665 1409 1703 enim
1438 1680 1517 1704 ver-

183 1733 278 1770 bum
300 1740 427 1769 totum
450 1731 662 1769 nauticum.
724 1732 979 1781 Quamquam
1008 1731 1046 1769 id
1069 1730 1230 1780 quidem
1252 1730 1424 1768 sciebam
1447 1732 1516 1769 sed

183 1797 397 1835 arbitrabar
417 1796 597 1834 sustineri
618 1809 746 1834 remos
763 1810 853 1834 cum
876 1796 1053 1834 inhibere
1075 1803 1205 1834 essent
1225 1796 1389 1846 remiges
1411 1796 1514 1834 iussi.

187 1864 233 1900 Id
262 1876 342 1901 non
370 1875 455 1900 esse
482 1861 564 1899 eius
590 1861 698 1899 modi
726 1860 847 1899 didici
877 1861 958 1899 heri
990 1875 1080 1899 cum
1105 1862 1155 1899 ad
1183 1860 1312 1898 villam
1344 1869 1515 1899 nostram

185 1926 294 1964 navis
331 1927 601 1976 appelleretur.
662 1926 753 1962 Non
793 1925 898 1963 enim
939 1925 1132 1963 sustinent
1171 1926 1240 1963 sed
1279 1925 1355 1963 alio
1395 1928 1516 1965 modo

232 2041 243 2059 1
280 2040 320 2060 eo
352 2028 428 2059 add.
461 2028 649 2068 ll'vscubmg
852 2039 870 2058 2
896 2029 927 2058 in
960 2029 1132 2067 Torquato
1165 2028 1305 2059 llIz‘illcr:
1344 2030 1377 2059 in
1410 2030 1516 2060 Bruto

182 2072 355 2103 Schmidt:
384 2072 418 2102 in
440 2073 505 2101 vita
524 2071 552 2100 L
573 2072 715 2109 (mane.)
732 2083 737 2101 :
771 2072 803 2100 in
831 2072 902 2102 foro
923 2072 1041 2102 Orelli:
1071 2074 1103 2102 in
1122 2077 1225 2103 totum
1245 2073 1453 2114 Ilss’senbcrg:
1482 2074 1515 2105 id

185 2122 291 2147 totum
309 2116 394 2146 Reid
480 2116 526 2156 ei]
547 2115 627 2144 mihi
647 2114 798 2144 Il'z'eland
946 2126 965 2154 3
991 2117 1163 2146 hominurn
1182 2117 1306 2147 iudicia
1324 2117 1351 2146 L
1373 2120 1513 2158 (πιανέ.)

184 2162 204 2189 6
229 2158 433 2199 perfectum]
455 2169 515 2198 per
534 2169 570 2188 se
593 2164 721 2188 rectum
744 2157 822 2188 coni.
842 2158 926 2188 Boot
1074 2164 1148 2199 post
1170 2170 1262 2190 suam
1288 2160 1365 2192 add.
1386 2166 1515 2191 mutare

189 2203 398 2243 [Vesenbergx
422 2213 479 2242 ego
501 2201 676 2232 subaudire
697 2203 777 2232 dare
802 2203 920 2231 malim
1084 2204 1290 2234 sententiam
1313 2205 1514 2235 suam—sed

185 2253 299 2276 tamen
317 2270 323 2276 .
343 2270 350 2277 .
372 2271 380 2278 .
399 2256 463 2275 non
490 2255 627 2284 possum
653 2246 910 2284 non—probare
941 2245 1066 2285 Tyrrcll
1191 2249 1211 2277 8
1236 2248 1364 2288 tamen]
1394 2249 1513 2278 sarnam

183 2289 335 2320 Albrecht
437 2300 473 2327 14
498 2288 562 2319 alia
580 2300 607 2318 v.
625 2299 647 2318 c.
667 2293 709 2319 Σ;
735 2288 819 2318 alias
844 2290 917 2319 Ο·’Δ
1021 2299 1058 2328 15
1083 2290 1182 2320 simul
1208 2297 1310 2330 atque
1336 2292 1514 2322 obtinuero

183 2334 270 2363 scies
307 2333 385 2363 coni.
418 2333 523 2362 Boot:
562 2332 662 2362 simul
694 2343 731 2362 ac
763 2333 896 2362 venerit
930 2334 980 2371 [ex
1011 2334 1170 2363 venerint
1201 2334 1220 2365 l.
1258 2335 1324 2374 17),
1353 2336 1514 2365 continuo

183 2377 298 2406 scietis
322 2376 407 2406 Reid
555 2377 593 2405 18
612 2379 688 2415 post
704 2375 830 2414 Quinto
847 2374 922 2406 add.
941 2387 1076 2415 quoque
1093 2376 1268 2408 Lehmann
1402 2389 1443 2416 23
1468 2379 1514 2408 in-

183 2420 298 2450 hibere
319 2419 510 2450 Corradus:
535 2419 598 2449 —eri
618 2418 658 2448 Μ
