1742 2651
138 85 184 121 X.
208 83 283 120 viii
613 85 667 120 M.
701 84 869 121 TVLLI
900 82 1206 123 CICERONIS

235 194 441 232 fefellisset.
503 196 587 232 Nos
619 202 749 232 tamen
781 195 857 231 hoc
891 196 1170 232 confirmamus
1205 195 1271 232 illo
1300 194 1461 245 augurio
1492 209 1571 245 quo

190 259 413 305 8diximus‚
448 273 520 297 nec
560 272 632 296 nos
671 258 767 296 fallit
806 272 879 296 nec
917 258 1026 297 aliter
1063 259 1226 297 accidet.
1299 261 1464 299 Corruat
1498 260 1570 299 iste

234 337 394 362 necesse
424 332 481 361 est
502 331 569 361 aut
590 337 658 372 per
683 323 923 361 adversarios
953 332 1018 360 aut
1049 323 1131 373 ipse
1158 338 1226 373 per
1253 338 1293 362 se
1319 324 1386 373 qui
1406 324 1568 374 quidem

233 389 306 426 sibi
337 397 394 426 est
423 388 665 426 adversarius
696 402 796 425 unus
827 388 1049 426 acerrimus.
1109 390 1158 426 Id
1187 402 1301 438 spero
1329 388 1425 426 vivis
1454 389 1568 427 nobis

233 456 338 501 fore:
369 467 611 503 quamquam
639 461 794 503 tempus
822 461 879 491 est
909 468 981 492 nos
1007 455 1056 492 de
1084 454 1147 491 illa
1168 461 1356 504 perpetua
1375 453 1463 501 iam,
1487 468 1568 493 non
1588 469 1606 500 5

232 520 282 557 de
312 520 385 556 bac
415 518 553 568 exigua
582 518 660 556 vita
689 519 868 569 cogitare.
929 519 996 557 Sin
1027 519 1122 569 quid
1151 519 1337 557 acciderit
1366 519 1565 567 maturius,

231 585 337 621 haud
377 597 471 622 sane
510 597 597 621 mea
640 586 807 622 multum
854 584 1069 622 interfuerit
1110 592 1241 622 utrum
1278 586 1426 622 factum
1466 583 1566 637 [fiat]

230 648 386 686 videam
416 662 467 685 an
494 650 668 686 futurum
699 663 784 687 esse
814 651 938 687 multo
967 658 1059 688 ante
1087 649 1262 687 viderim.
1328 651 1443 698 Quae
1473 663 1564 688 cum

230 713 282 751 ita
317 714 404 760 sint,
436 727 517 751 non
547 722 605 752 est
635 714 966 752 committendum
993 723 1035 752 ut
1066 714 1112 752 iis
1143 728 1301 764 paream
1336 728 1435 764 quos
1474 728 1565 753 con-

229 786 286 816 tra
313 793 375 817 me
406 787 576 826 senatus,
606 794 657 818 ne
687 779 784 830 quid
815 793 874 818 res
909 780 1068 829 publica
1099 779 1324 818 detrimenti
1354 779 1559 830 acciperet,
1586 795 1625 818 10

227 844 399 882 armavit.

177 916 206 952 9
281 909 371 946 Tibi
394 917 483 947 sunt
505 910 640 948 omnia
659 911 947 957 commendata,
964 924 1064 960 quae
1077 909 1435 948 commendationis
1451 923 1563 949 meae

227 987 298 1023 pro
341 982 410 1011 tuo
450 974 489 1012 in
534 988 607 1012 nos
638 988 771 1012 amore
802 988 883 1012 non
918 975 1104 1024 indigent.
1167 976 1254 1012 Nec
1292 976 1450 1013 hercule
1487 989 1562 1024 ego

226 1038 388 1088 quidem
409 1039 560 1089 reperio
580 1039 677 1089 quid
703 1039 897 1087 scribam3
925 1041 1046 1077 sedeo
1066 1040 1172 1077 enim
1192 1040 1415 1077 πλουδοκῶν.
1476 1039 1560 1078 Etsi

226 1102 322 1141 nihil
366 1117 555 1154 umquam
604 1112 684 1142 tam
731 1104 803 1142 fuit
851 1104 1103 1142 scribendum
1151 1118 1270 1154 quam
1318 1104 1416 1141 nihil
1463 1103 1559 1142 mihi
1582 1118 1621 1151 15

225 1181 414 1218 umquam
447 1183 493 1207 ex
527 1169 704 1218 plurimis
738 1169 814 1207 tuis
849 1168 1158 1207 iucunditatibus
1191 1169 1335 1218 gratius
1369 1168 1559 1207 accidisse

225 1246 344 1282 quam
383 1235 493 1283 quod
533 1247 663 1272 meam
694 1234 867 1272 Tulliam
914 1234 1143 1272 suavissime
1182 1233 1559 1284 diligentissimeque

223 1298 388 1336 coluisti.
444 1300 572 1337 Valde
592 1312 640 1336 eo
660 1298 744 1348 ipsa
764 1300 958 1337 delectata
978 1307 1045 1344 est,
1066 1312 1139 1348 ego
1159 1306 1291 1336 autem
1312 1312 1392 1336 non
1414 1298 1554 1337 minus.

224 1363 347 1402 Cuius
386 1363 548 1413 quidem
588 1364 708 1402 virtus
747 1363 918 1402 mirifica.
984 1366 1077 1413 Quo
1116 1365 1237 1402 modo
1276 1363 1340 1401 illa
1378 1365 1449 1402 fert
1488 1377 1556 1414 pu-

222 1428 366 1466 blicam
409 1430 574 1475 cladem,
616 1443 696 1479 quo
744 1430 864 1467 modo
912 1428 1149 1467 domesticas
1197 1428 1336 1467 tricas!
1384 1436 1554 1479 quantus
1576 1444 1616 1465 20

221 1501 352 1531 autem
383 1493 537 1531 animus
567 1493 606 1531 in
636 1493 812 1532 discessu
842 1497 999 1532 nostro!
1051 1496 1121 1532 Est
1148 1495 1301 1546 στοργή,
1319 1501 1377 1532 est
1401 1507 1556 1531 summa

223 1560 403 1607 cum-⁷735.
463 1560 618 1597 Tamen
651 1572 724 1596 nos
762 1567 867 1597 recte
905 1560 1031 1597 facere
1070 1566 1109 1597 et
1147 1559 1249 1598 bene
1286 1559 1423 1597 audire
1460 1560 1552 1596 vult.

155 1635 201 1664 10
223 1625 300 1662 Sed
330 1625 404 1661 hac
431 1637 547 1673 super
578 1638 617 1662 re
645 1638 689 1661 ase
717 1623 844 1670 nimis,
873 1638 922 1662 ne
953 1637 1081 1662 meam
1106 1624 1190 1674 ipse
1219 1624 1452 1674 συμπάθειαν
1477 1623 1555 1662 iam

221 1702 392 1727 evocem.

274 1756 336 1792 Tu
367 1755 398 1792 si
428 1755 524 1804 quid
554 1756 604 1793 de
635 1755 840 1805 Hispaniis
879 1756 1020 1794 certius
1051 1764 1088 1794 et
1118 1756 1148 1795 si
1179 1757 1274 1806 quid
1308 1756 1426 1803 aliud,
1457 1757 1554 1793 dum
1577 1768 1614 1799 25

220 1821 419 1866 adsumus,
442 1820 598 1868 scribes,
626 1829 665 1859 et
694 1834 766 1870 ego
796 1823 958 1860 fortasse
982 1822 1191 1860 discedens
1218 1823 1323 1861 dabo
1352 1824 1402 1860 ad
1426 1830 1464 1860 te
1489 1821 1555 1859 ali-

222 1884 317 1934 quid
356 1898 403 1922 eo
449 1885 566 1923 etiam
606 1886 728 1935 magis
767 1889 875 1937 quod
914 1887 1044 1926 Tullia
1082 1896 1119 1926 te
1157 1902 1238 1927 non
1277 1889 1440 1938 putabat
1477 1889 1554 1925 hoc

222 1956 397 1998 tempore
418 1964 465 1987 ex
486 1950 608 1988 Italia.
670 1953 772 1991 Cum
793 1953 970 1991 Antonio
991 1953 1084 1991 item
1105 1961 1163 1991 est
1183 1955 1380 2003 agendum
1400 1960 1442 1991 ut
1462 1966 1554 1990 cum

223 2013 394 2052 Curione
430 2015 591 2053 Melitae
622 2030 684 2054 me
714 2020 811 2055 velle
841 2032 936 2064 esse,
968 2019 1059 2056 huic
1093 2019 1194 2057 civili
1225 2020 1329 2057 bello
1362 2019 1467 2055 nolle
1500 2016 1556 2054 in-

265 2130 284 2148 2
308 2120 437 2150 accidet
457 2121 550 2152 Illam.
571 2134 577 2152 ε
604 2123 666 2151 -dit
684 2122 771 2152 codd.
923 2134 939 2162 7
966 2123 1023 2152 fiat
1043 2121 1136 2152 O'M1
1153 2135 1159 2152 :
1185 2133 1250 2152 om.
1270 2120 1324 2151 Μ)
1340 2121 1425 2152 edd.:
1453 2121 1553 2153 suerit

221 2162 302 2193 RF:
328 2164 392 2193 iam
410 2166 487 2195 com'.
507 2165 626 2195 Malles
809 2177 845 2205 13
872 2166 942 2197 Nec
959 2167 1138 2206 Hofinann
1153 2179 1158 2196 :
1185 2177 1227 2196 ne
1243 2165 1331 2197 codd.
1514 2177 1552 2205 14

221 2207 421 2248 πλουδοκῶν]
439 2210 539 2239 πλοῦν
557 2209 738 2250 προσδοκῶν
756 2209 968 2249 Dausqzlet’us
1153 2221 1190 2240 ‘21
1219 2210 1278 2240 Est
1295 2208 1429 2250 στοργή,
1448 2214 1500 2240 est
1522 2210 1551 2240 L

223 2251 366 2291 (marg.)
383 2263 412 2282 v.
425 2263 447 2283 c.
465 2252 558 2284 Visa:
591 2254 634 2284 sit
660 2254 799 2292 στοργῆς
823 2255 867 2284 sit
891 2254 979 2284 codd.
1160 2264 1200 2293 23
1226 2264 1261 2284 re
1286 2264 1328 2283 ne
1354 2254 1453 2284 nimis
1468 2253 1552 2283 Leh-

223 2305 329 2324 mann
345 2308 352 2326 ε
376 2296 475 2326 remis
493 2296 579 2328 codd.
597 2309 603 2327 1
630 2307 665 2327 re
683 2298 781 2328 nimis
799 2298 901 2328 multa
919 2298 996 2328 com'.
1017 2296 1205 2337 Wesenberg
1293 2307 1335 2336 29
1358 2297 1445 2327 civili
1462 2295 1552 2326 bello

227 2337 433 2379 [Vesezzbez‘gt
460 2340 572 2369 libello
591 2340 649 2370 M:
675 2340 763 2370 bello
782 2340 860 2370 RPs
