1742 2651
120 94 204 129 XV.
225 104 286 128 xx
619 94 674 129 M.
706 93 875 128 TVLLI
907 92 1212 130 CICERONIS

243 204 313 241 sed
343 203 377 241 ei
408 218 454 241 ex
484 203 652 253 praediis
682 210 724 240 ut
754 204 868 240 cadet
899 201 951 239 ita
980 203 1162 248 solvetur,
1190 201 1284 238 mihi
1314 208 1446 239 autern
1476 215 1575 251 opus

243 276 301 306 est
331 268 523 306 universo.
584 267 782 317 Equidem
811 266 884 305 etsi
914 266 1008 304 mihi
1038 266 1190 305 videtur
1220 266 1291 304 iste
1321 266 1388 316 qui
1417 267 1575 304 umbras

243 333 354 372 timet
387 335 438 371 ad
472 335 635 371 caedem
675 340 861 382 spectare,
893 339 1025 370 tamen
1055 331 1129 369 nisi
1159 331 1349 381 explicata
1378 331 1574 370 solutione

243 412 323 437 non
351 412 438 436 sum
459 398 712 436 discessurus.
772 397 882 435 Sitne
911 404 1042 434 autem
1073 396 1263 446 explicata
1289 409 1415 434 necne
1444 403 1575 433 tecum

242 477 490 513 cognoscam.
554 464 674 500 Hanc
707 460 841 511 putavi
875 475 963 499 mea
996 475 1116 499 manu
1150 461 1410 508 scribendam,
1444 461 1576 510 itaque
1597 478 1613 507 5

241 527 325 565 feci.
388 530 449 565 De
475 527 614 574 Fadio,
641 534 683 564 ut
712 526 859 572 scribis,
889 526 1024 576 utique
1053 526 1118 564 alii
1146 525 1305 564 nemini.
1366 525 1575 564 Rescribas

241 591 358 630 velim
380 591 509 630 hodie.

286 739 396 774 XXI
529 741 601 773 Scr.
619 742 653 772 in
675 740 864 772 Tusculano
880 752 904 772 x
918 741 960 772 K.
983 741 1095 781 Quint.
1116 753 1146 773 α.
1170 752 1226 781 710
1244 741 1334 782 (44).

651 830 822 861 CICERO
851 830 1032 862 ATTICO
1062 830 1166 862 SAL.

208 933 225 960 1
298 921 425 959 Narro
445 919 526 966 tibi,
551 920 725 968 Quintus
746 928 856 970 pater
878 921 1044 958 exsultat
1073 919 1228 958 laetitia.
1289 919 1449 969 Scripsit
1469 919 1574 957 enim
1601 936 1637 957 10

242 985 344 1023 filius
374 1000 415 1024 se
447 985 595 1024 idcirco
624 987 829 1035 profugere
857 987 909 1023 ad
940 987 1104 1023 Brutum
1134 985 1303 1023 voluisse
1333 986 1451 1034 quod,
1484 998 1575 1022 cum

242 1050 316 1088 sibi
346 1049 548 1099 negotium
578 1051 688 1088 daret
713 1049 912 1088 Antonius
942 1057 985 1087 ut
1013 1064 1104 1088 eum
1133 1050 1365 1088 dictatorern
1395 1051 1573 1095 efficeret,

242 1115 481 1165 praesidium
501 1122 726 1164 occuparet,
747 1115 787 1153 id
814 1122 1055 1162 recusasset3
1088 1128 1286 1152 recusasse
1312 1122 1444 1152 autern
1465 1127 1506 1152 se
1526 1128 1576 1152 ne

242 1180 360 1230 patris
381 1180 558 1218 animum
580 1181 797 1218 offenderet
817 1194 824 1225 ;
858 1194 906 1218 ex
925 1193 973 1218 eo
994 1179 1066 1217 sibi
1088 1179 1197 1217 illum
1219 1181 1384 1218 hostem.
1443 1182 1453 1199 ‘
1471 1182 1576 1218 Tum

243 1247 327 1283 me'
358 1244 485 1295 inquit
519 1244 697 1295 ‘conlegi
731 1258 869 1282 verens
907 1258 958 1282 ne
995 1244 1093 1294 quid
1126 1245 1222 1282 mihi
1256 1244 1319 1283 ille
1353 1245 1470 1283 iratus
1506 1245 1575 1283 tibi
1599 1259 1635 1292 15

242 1317 412 1347 noceret.
474 1311 613 1358 Itaque
641 1322 731 1347 eum
761 1308 921 1359 placavi.
984 1311 1033 1346 Et
1054 1308 1214 1358 quidem
1235 1308 1337 1347 &CC—C
1357 1317 1471 1355 certa,
1495 1309 1577 1347 reli-

242 1389 320 1425 qua
340 1374 378 1412 in
401 1376 495 1424 spe.⁷
547 1374 689 1412 Scribit
709 1382 841 1412 autem
863 1374 1009 1412 Statius
1030 1373 1139 1412 illum
1160 1388 1251 1412 cum
1271 1382 1380 1424 patre
1401 1375 1576 1413 habitare

242 1441 341 1478 velle
363 1440 456 1489 (hoc
477 1453 570 1477 vero
599 1438 759 1490 mirum)
779 1446 817 1477 et
846 1439 887 1477 id
915 1440 1070 1489 gaudet.
1132 1441 1310 1489 Ecquem
1340 1447 1382 1477 tu
1409 1439 1476 1478 illo
1499 1453 1577 1478 cer-

243 1505 382 1543 tiorem
403 1505 675 1543 nebulonem?

199 1582 224 1609 2
296 1570 462 1621 Έποχὴν
481 1577 649 1608 vestram
669 1571 720 1609 de
741 1585 780 1609 re
801 1570 901 1610 Cani
924 1569 1250 1625 [deliberationis]
1272 1573 1408 1623 probo.
1465 1572 1575 1610 Nihil
1597 1585 1636 1606 20

243 1651 349 1675 eram
379 1636 598 1686 suspicatus
628 1637 678 1674 de
708 1637 864 1684 tabulis,
895 1640 1067 1687 ἀκεραίως
1100 1638 1317 1677 restitutam
1349 1638 1572 1677 arbitrabar.

244 1704 358 1751 Quae
396 1701 527 1740 differs
566 1709 608 1739 ut
646 1715 803 1740 mecum
843 1717 975 1742 coram
1015 1705 1262 1754 exspectabo.
1333 1703 1576 1742 Tabellarios

243 1769 376 1817 quoad
396 1769 503 1806 voles
524 1767 676 1806 tenebis
697 1783 704 1812 ς
734 1782 775 1806 es
805 1769 910 1807 enim
941 1777 1167 1819 occupatus.
1228 1770 1349 1818 Quod
1375 1770 1426 1807 ad
1447 1771 1575 1807 Xeno-

242 1847 347 1879 nem,
376 1834 509 1883 probe.
570 1834 692 1882 Quod
732 1834 872 1881 scribo,
906 1849 997 1873 cum
1028 1836 1247 1873 absolvero.
1307 1834 1458 1883 Quinto
1488 1834 1576 1872 scri-

200 1910 224 1946 3
243 1897 353 1948 psisti
375 1906 413 1936 te
432 1899 483 1936 ad
504 1912 595 1937 eum
617 1899 771 1938 litteras.
833 1902 965 1939 Nemo
984 1902 1175 1938 attulerat.
1234 1900 1328 1937 Tiro
1353 1906 1468 1949 negat
1497 1899 1574 1937 iam
1597 1908 1635 1940 25

243 1962 313 2002 tibi
334 1965 488 2013 placere
510 1964 764 2003 Brundisium
792 1973 829 2003 et
857 1965 1019 2015 quidem
1049 1965 1179 2004 dicere
1208 1964 1357 2014 aliquid
1378 1966 1428 2003 de
1449 1964 1576 2003 militi-

290 2079 302 2098 1
330 2070 361 2099 ei
387 2068 598 2110 lllalaspt'na:
625 2075 657 2100 et
682 2070 726 2101 F:
766 2070 798 2100 id
825 2069 881 2099 M:
912 2070 1069 2100 Ciceroni
1096 2070 1194 2099 Klolz
1363 2082 1381 2107 4
1406 2069 1575 2107 explicata

242 2112 329 2143 codd.
352 2112 510 2145 Memmi:
546 2114 694 2144 excitata
716 2113 776 2143 M:
806 2114 969 2143 extricata
994 2113 1137 2143 Rosius:
1164 2113 1235 2143 HS,
1263 2123 1281 2143 c
1303 2113 1381 2142 data
1407 2112 1576 2142 Tumwbus

245 2156 298 2195 (ex
311 2157 459 2186 excitata
472 2157 565 2196 quod
574 2161 643 2187 cml
659 2161 697 2188 ut
712 2157 839 2188 videtur
852 2158 885 2186 in
903 2157 945 2186 Z‘i
1075 2166 1093 2194 5
1121 2157 1220 2186 Hanc
1238 2155 1299 2186 M:
1325 2156 1421 2186 Haec
1439 2155 1570 2185 Ernesti

244 2210 345 2230 manu
363 2201 574 2231 scribendam
593 2205 663 2232 vett.
681 2213 687 2232 ς
714 2211 833 2231 manus
854 2201 1033 2230 scribenda
1056 2201 1097 2230 M
1241 2201 1279 2229 16
1302 2204 1442 2229 noceret
1469 2200 1574 2238 patris

243 2243 383 2275 scilicet.
433 2245 551 2283 Itaque
578 2244 627 2279 M,
653 2245 691 2284 cf.
717 2255 766 2284 15.
797 2256 815 2283 4
967 2245 1005 2274 18
1030 2244 1179 2282 Ecquem
1205 2238 1259 2274 Ζω
1276 2254 1303 2273 v.
1325 2254 1375 2273 c.:
1410 2253 1511 2281 quem
1536 2241 1579 2271 M

243 2287 452 2318 cerritior-em
477 2287 554 2318 coni.
580 2288 698 2327 Tyrrell
837 2297 879 2316 20
903 2287 1155 2318 deliberationis
1179 2287 1246 2318 secl.
1265 2286 1413 2316 Ernesli:
1447 2285 1574 2316 delibe—

244 2332 389 2362 rantium
415 2331 493 2361 coni.
520 2331 651 2362 Moser:
688 2341 775 2370 quae
803 2335 855 2361 est
881 2331 1136 2361 deliberationis
1162 2330 1247 2360 Reid
1407 2340 1447 2368 24
1473 2329 1573 2368 Quod

244 2375 373 2413 Quinto
396 2375 475 2406 coni.
492 2374 578 2404 Boot
