1742 2651
104 122 151 158 X.
172 121 233 157 vii
569 121 623 158 M.
656 121 823 157 TVLLI
856 120 1163 159 CICERONIS

203 233 271 269 sed
299 245 344 270 ea
371 245 449 270 non
475 231 608 281 agitur.
671 230 879 280 Regnandi
909 230 1111 269 contentio
1135 238 1204 277 est,
1227 230 1266 268 in
1293 243 1371 280 qua
1397 231 1531 280 pulsus

202 305 258 335 est
281 297 495 335 modestior
515 311 579 335 rex
600 304 637 334 et
658 296 816 346 probior
836 304 874 334 et
894 295 1077 346 integrior
1098 303 1135 334 et
1156 295 1197 341 is,
1217 295 1283 345 qui
1305 294 1378 332 nisi
1399 294 1528 341 vincit,

201 375 346 400 nomen
386 362 521 412 populi
562 360 733 399 Romani
772 362 948 399 deleatur
992 374 1154 399 necesse
1192 367 1261 406 est,
1302 359 1361 397 sin
1398 366 1531 397 autem

200 426 330 473 vincit,
354 428 514 464 Sullano
540 439 647 464 more
673 426 932 475 exemploque
953 425 1093 463 vincet.
1154 426 1257 474 Ergo
1284 425 1357 462 hac
1382 423 1421 460 in
1441 437 1531 461 0011-

200 492 376 529 tentione
397 500 578 529 neutrum
600 492 669 530 tibi
694 494 822 542 palam
851 492 1101 530 sentiendum
1122 499 1160 529 et
1180 490 1346 540 tempori
1368 489 1532 528 servien-
1551 505 1567 534 5

200 557 295 593 dum
317 564 385 594 est.
447 558 540 594 Mea
561 570 678 595 causa
698 564 830 595 autem
850 557 926 594 alia
945 564 1013 602 est,
1034 557 1141 606 quod
1163 554 1357 594 beneficio
1378 554 1531 592 vinctus

201 622 372 671 ingratus
393 635 478 660 esse
497 636 577 661 non
600 636 772 672 possum,
797 637 869 661 nec
890 630 1021 661 tamen
1043 622 1082 659 in
1103 621 1186 660 acie
1207 635 1262 658 me
1282 622 1351 659 sed
1371 620 1530 658 Melitae

200 695 266 724 aut
297 687 374 724 alio
406 687 444 724 in
476 689 564 725 1000
598 687 713 725 simili
746 685 970 739 [oppidulo]
1001 689 1173 725 futurum
1207 694 1314 736 puto.
1376 685 1532 723 ‘Nihil'

201 751 355 801 inquies
379 751 507 789 ‘iuvas
528 765 619 790 eum
641 752 679 789 in
702 765 820 801 quem
841 752 1013 802 ingratus
1034 765 1118 790 esse
1139 764 1219 789 non
1240 750 1296 788 vis
1312 752 1351 788 ?’
1401 751 1531 787 Immo

202 816 330 854 minus
351 818 512 855 fortasse
533 817 729 855 voluisset.
790 818 868 855 Sed
894 818 944 855 de
971 818 1047 855 1100
1068 815 1290 854 videbimus
1306 830 1315 862 3
1348 827 1532 853 exeamus
1554 828 1591 849 10

202 883 332 920 modo.
394 883 514 930 Quod
545 890 587 920 ut
617 882 777 921 meliore
807 890 983 932 tempore
1013 881 1208 931 possimus
1238 879 1329 918 facit
1356 879 1532 918 Adriano

202 947 297 985 mari
321 948 537 995 Dolabella,
562 950 593 985 F
595 947 737 986 retensi
758 947 889 987 Curio.

158 1024 184 1051 2
258 1013 408 1051 Iniecta
436 1022 568 1052 autem
599 1013 694 1051 mihi
724 1028 812 1064 spes
840 1015 1034 1063 quaedam
1065 1020 1122 1051 est
1146 1013 1244 1051 velle
1274 1024 1429 1050 1116011111
1451 1012 1529 1048 Ser.

203 1077 419 1127 Sulpicium
452 1078 648 1127 conloqui.
710 1079 774 1116 Ad
808 1092 898 1116 eum
934 1077 1020 1115 misi
1054 1077 1310 1115 Philotimum
1348 1075 1531 1114 libertum

202 1156 292 1180 cum
337 1143 482 1181 litteris.
561 1143 599 1181 Si
644 1143 700 1181 vir
744 1157 828 1182 esse
873 1145 988 1190 volet,
1029 1145 1226 1193 praeclara
1269 1142 1429 1189 συνοδία,
1471 1141 1531 1179 5111
1554 1154 1591 1185 15

159 1219 183 1256 3
201 1216 332 1246 autem
347 1231 398 1254 —,
440 1208 583 1247 erimus
623 1222 694 1246 nos
733 1208 800 1258 qui
839 1210 1021 1246 solemus.
1085 1207 1206 1247 Curio
1244 1221 1400 1245 mecum
1438 1206 1532 1244 vixit

202 1273 327 1311 iacere
348 1274 556 1312 Caesarem
578 1281 719 1323 putans
741 1273 958 1312 offensione
984 1273 1162 1323 populari
1183 1272 1416 1322 Siciliaeque
1436 1272 1532 1310 diffi-

200 1339 299 1376 dens
320 1337 350 1375 si
373 1337 585 1388 Pompeius
607 1338 786 1388 navigare
807 1337 1011 1388 coepisset.

256 1402 449 1451 Quintum
480 1416 643 1452 puerum
679 1402 814 1452 accepi
846 1403 1108 1441 vehementer.
1168 1402 1380 1440 Avaritiam
1415 1401 1532 1440 video

201 1467 318 1505 fuisse
348 1476 385 1505 et
415 1481 525 1516 spem
556 1467 685 1516 magni
716 1467 898 1517 congiari.
960 1469 1151 1517 Magnum
1176 1469 1254 1506 hoc
1284 1469 1430 1505 malum
1460 1474 1528 1512 est,
1554 1479 1592 1499 20

201 1534 270 1571 sed
309 1534 435 1570 scelus
475 1532 570 1571 illud
610 1534 718 1582 quod
758 1532 1012 1570 timueramus
1058 1546 1171 1583 spero
1210 1535 1361 1571 nullum
1400 1531 1528 1569 fuisse.

202 1599 295 1636 Hoc
323 1605 455 1636 autem
481 1598 618 1635 vitium
648 1605 745 1648 puto
775 1606 812 1636 te
842 1597 1062 1636 existimare
1091 1612 1169 1636 non
1196 1612 1220 1635 a
1247 1605 1379 1635 nostra
1408 1596 1532 1634 indul-

199 1662 330 1712 gentia
350 1664 420 1701 sed
440 1676 463 1700 a
483 1670 619 1700 natura
641 1664 870 1712 profectum.
925 1664 1056 1711 Quem
1079 1670 1210 1700 tamen
1231 1675 1304 1700 nos
1325 1660 1532 1710 disciplina

200 1741 389 1777 regemus.

258 1794 318 1830 De
339 1792 478 1842 Oppiis
499 1792 749 1831 Veliensibus
778 1793 874 1843 quid
901 1795 1053 1843 placeat
1080 1806 1170 1831 cum
1192 1791 1405 1829 Philotimo
1426 1789 1529 1828 vide-
1552 1801 1590 1833 25

202 1858 271 1896 bis.
321 1857 482 1907 Epirum
504 1866 676 1896 nostram
698 1858 925 1908 putabimus
946 1859 1015 1896 sed
1036 1857 1133 1896 alios
1149 1870 1283 1895 cursus
1300 1856 1531 1894 videbamur

203 1923 381 1961 habituri.

247 2056 364 2091 VIII
479 2059 546 2091 Sc».
566 2060 600 2089 in
620 2060 773 2091 Cumano
790 2061 823 2091 vi
836 2060 921 2091 Non.
942 2059 1024 2091 Mai.
1045 2071 1075 2092 a.
1098 2070 1152 2100 70)¹
1169 2060 1257 2100 (491.

620 2132 796 2162 CICERO
821 2131 991 2162 ATTICO
1018 2132 1114 2162 SAL.

166 2211 184 2238 Ι
258 2201 308 2236 Et
328 2212 388 2236 res
414 2198 499 2248 ipsa
528 2200 715 2237 monebat
736 2207 774 2237 et
801 2206 842 2236 tu
870 2201 1098 2237 ostenderas
1125 2206 1163 2236 et
1183 2210 1255 2247 ego
1276 2196 1459 2234 videbam
1480 2197 1530 2233 de
1552 2208 1592 2239 30

202 2264 247 2302 iis
276 2265 392 2303 rebus
422 2277 518 2313 quas
548 2264 726 2313 intercipi
758 2264 1021 2314 periculosum
1051 2271 1153 2302 esset
1182 2264 1300 2300 finem
1331 2261 1430 2299 inter
1459 2273 1531 2298 nos

246 2380 264 2399 ς.)
289 2367 490 2408 modestior]
514 2368 742 2397 admodestior
758 2361 823 2397 Zb:
858 2371 891 2396 et
913 2367 1100 2397 modestior
1119 2365 1302 2397 Gronovius
1435 2374 1452 2403 7
1477 2374 1531 2394 me

201 2413 276 2443 add.
296 2412 415 2443 Lami).
553 2412 572 2440 8
597 2411 758 2449 oppidulo
774 2411 840 2441 sesl.
863 2410 1020 2441 Graevius
1152 2419 1193 2439 22
1217 2420 1235 2439 a
1253 2407 1331 2438 add.
1345 2407 1462 2438 Lamb.
