<?xml version="1.0" encoding="UTF-8"?>
<!DOCTYPE html PUBLIC "-//W3C//DTD XHTML 1.0 Transitional//EN"
    "http://www.w3.org/TR/xhtml1/DTD/xhtml1-transitional.dtd">
<html xmlns="http://www.w3.org/1999/xhtml" xml:lang="en" lang="en">
 <head>
  <title>
</title>
<meta http-equiv="Content-Type" content="text/html;charset=utf-8" />
  <meta name='ocr-system' content='tesseract 3.04.00' />
  <meta name='ocr-capabilities' content='ocr_page ocr_carea ocr_par ocr_line ocrx_word'/>
</head>
<body>
  <div class='ocr_page' id='page_1' title='image "./p2epistulaerecog02ciceuoft_0076.png"; bbox 0 0 1742 2651; ppageno 0'>
   <div class='ocr_carea' id='block_1_1' title="bbox 144 118 190 155">
    <p class='ocr_par' dir='ltr' id='par_1_1' title="bbox 144 118 190 155">
     <span class='ocr_line' id='line_1_1' title="bbox 144 118 190 155; baseline -0.022 0"><span class='ocrx_word' id='word_1_1' title='bbox 144 118 190 155; x_wconf 90' lang='lat' dir='ltr'><strong>X.</strong></span> 
     </span>
    </p>
   </div>
   <div class='ocr_carea' id='block_1_2' title="bbox 171 370 195 397">
    <p class='ocr_par' dir='ltr' id='par_1_2' title="bbox 171 370 195 397">
     <span class='ocr_line' id='line_1_2' title="bbox 171 370 195 397; baseline 0 0"><span class='ocrx_word' id='word_1_2' title='bbox 171 370 195 397; x_wconf 88' lang='lat'><strong>2</strong></span> 
     </span>
    </p>
   </div>
   <div class='ocr_carea' id='block_1_3' title="bbox 171 884 196 921">
    <p class='ocr_par' dir='ltr' id='par_1_3' title="bbox 171 884 196 921">
     <span class='ocr_line' id='line_1_3' title="bbox 171 884 196 921; baseline 0 0"><span class='ocrx_word' id='word_1_3' title='bbox 171 884 196 921; x_wconf 88' lang='lat'><strong>3</strong></span> 
     </span>
    </p>
   </div>
   <div class='ocr_carea' id='block_1_4' title="bbox 211 110 1173 153">
    <p class='ocr_par' dir='ltr' id='par_1_4' title="bbox 211 110 1173 153">
     <span class='ocr_line' id='line_1_4' title="bbox 211 110 1173 153; baseline -0.006 0"><span class='ocrx_word' id='word_1_4' title='bbox 211 117 256 153; x_wconf 89' lang='lat' dir='ltr'><strong>xi</strong></span> <span class='ocrx_word' id='word_1_5' title='bbox 579 114 634 150; x_wconf 85' lang='lat' dir='ltr'><strong>M.</strong></span> <span class='ocrx_word' id='word_1_6' title='bbox 666 113 834 150; x_wconf 89' lang='lat' dir='ltr'>TVLLI</span> <span class='ocrx_word' id='word_1_7' title='bbox 866 110 1173 151; x_wconf 84' lang='lat' dir='ltr'>CICERONIS</span> 
     </span>
    </p>
   </div>
   <div class='ocr_carea' id='block_1_5' title="bbox 213 221 1609 1773">
    <p class='ocr_par' dir='ltr' id='par_1_5' title="bbox 215 221 1541 331">
     <span class='ocr_line' id='line_1_5' title="bbox 215 221 1541 276; baseline -0.005 -12"><span class='ocrx_word' id='word_1_8' title='bbox 215 229 283 266; x_wconf 75' lang='lat' dir='ltr'><strong>sed</strong></span> <span class='ocrx_word' id='word_1_9' title='bbox 315 226 458 276; x_wconf 78' lang='lat' dir='ltr'><strong>quibus</strong></span> <span class='ocrx_word' id='word_1_10' title='bbox 493 226 531 264; x_wconf 90' lang='lat' dir='ltr'><strong>in</strong></span> <span class='ocrx_word' id='word_1_11' title='bbox 563 225 672 263; x_wconf 77' lang='lat' dir='ltr'><strong>malis</strong></span> <span class='ocrx_word' id='word_1_12' title='bbox 705 232 741 263; x_wconf 81' lang='lat' dir='ltr'><strong>ct</strong></span> <span class='ocrx_word' id='word_1_13' title='bbox 774 239 851 274; x_wconf 72' lang='lat' dir='ltr'><strong>qua</strong></span> <span class='ocrx_word' id='word_1_14' title='bbox 883 224 921 261; x_wconf 90' lang='lat' dir='ltr'><strong>in</strong></span> <span class='ocrx_word' id='word_1_15' title='bbox 953 222 1226 273; x_wconf 73' lang='lat' dir='ltr'><strong>desperatione</strong></span> <span class='ocrx_word' id='word_1_16' title='bbox 1258 235 1384 260; x_wconf 76' lang='lat' dir='ltr'><strong>rerum</strong></span> <span class='ocrx_word' id='word_1_17' title='bbox 1420 221 1541 259; x_wconf 78' lang='lat' dir='ltr'><strong>simus</strong></span> 
     </span>
     <span class='ocr_line' id='line_1_6' title="bbox 215 293 335 331; baseline -0.017 0"><span class='ocrx_word' id='word_1_18' title='bbox 215 293 335 331; x_wconf 86' lang='lat' dir='ltr'><strong>vides.</strong></span> 
     </span>
    </p>

    <p class='ocr_par' dir='ltr' id='par_1_6' title="bbox 213 351 1604 916">
     <span class='ocr_line' id='line_1_7' title="bbox 271 351 1542 402; baseline -0.006 -6"><span class='ocrx_word' id='word_1_19' title='bbox 271 359 344 396; x_wconf 83' lang='lat' dir='ltr'><strong>Illa</strong></span> <span class='ocrx_word' id='word_1_20' title='bbox 381 359 432 396; x_wconf 88' lang='lat' dir='ltr'><strong>de</strong></span> <span class='ocrx_word' id='word_1_21' title='bbox 471 357 620 395; x_wconf 81' lang='lat' dir='ltr'><strong>ratione</strong></span> <span class='ocrx_word' id='word_1_22' title='bbox 659 355 878 393; x_wconf 79' lang='lat' dir='ltr'><strong>nummaria</strong></span> <span class='ocrx_word' id='word_1_23' title='bbox 912 368 993 392; x_wconf 86' lang='lat' dir='ltr'><strong>non</strong></span> <span class='ocrx_word' id='word_1_24' title='bbox 1028 361 1118 391; x_wconf 87' lang='lat' dir='ltr'><strong>sunt</strong></span> <span class='ocrx_word' id='word_1_25' title='bbox 1150 352 1232 391; x_wconf 86' lang='lat' dir='ltr'><strong>eius</strong></span> <span class='ocrx_word' id='word_1_26' title='bbox 1268 351 1375 390; x_wconf 88' lang='lat' dir='ltr'><strong>modi</strong></span> <span class='ocrx_word' id='word_1_27' title='bbox 1409 352 1542 402; x_wconf 79' lang='lat' dir='ltr'><strong>(saepe</strong></span> 
     </span>
     <span class='ocr_line' id='line_1_8' title="bbox 214 417 1544 472; baseline -0.006 -10"><span class='ocrx_word' id='word_1_28' title='bbox 214 424 319 463; x_wconf 88' lang='lat' dir='ltr'><strong>enim</strong></span> <span class='ocrx_word' id='word_1_29' title='bbox 349 423 468 462; x_wconf 87' lang='lat' dir='ltr'><strong>audio</strong></span> <span class='ocrx_word' id='word_1_30' title='bbox 498 437 544 461; x_wconf 86' lang='lat' dir='ltr'><strong>ex</strong></span> <span class='ocrx_word' id='word_1_31' title='bbox 570 422 673 472; x_wconf 82' lang='lat' dir='ltr'><strong>ipso&gt;</strong></span> <span class='ocrx_word' id='word_1_32' title='bbox 704 430 745 459; x_wconf 92' lang='lat' dir='ltr'><strong>ut</strong></span> <span class='ocrx_word' id='word_1_33' title='bbox 775 435 855 459; x_wconf 89' lang='lat' dir='ltr'><strong>non</strong></span> <span class='ocrx_word' id='word_1_34' title='bbox 885 420 1016 470; x_wconf 85' lang='lat' dir='ltr'><strong>cupiat</strong></span> <span class='ocrx_word' id='word_1_35' title='bbox 1044 419 1113 457; x_wconf 85' lang='lat' dir='ltr'><strong>tibi</strong></span> <span class='ocrx_word' id='word_1_36' title='bbox 1144 426 1337 469; x_wconf 84' lang='lat' dir='ltr'><strong>praestare</strong></span> <span class='ocrx_word' id='word_1_37' title='bbox 1364 426 1401 456; x_wconf 82' lang='lat' dir='ltr'><strong>et</strong></span> <span class='ocrx_word' id='word_1_38' title='bbox 1429 417 1468 454; x_wconf 92' lang='lat' dir='ltr'><strong>in</strong></span> <span class='ocrx_word' id='word_1_39' title='bbox 1495 431 1544 455; x_wconf 93' lang='lat' dir='ltr'><strong>eo</strong></span> 
     </span>
     <span class='ocr_line' id='line_1_9' title="bbox 213 482 1580 534; baseline -0.007 -7"><span class='ocrx_word' id='word_1_40' title='bbox 213 489 373 527; x_wconf 88' lang='lat' dir='ltr'><strong>laboret.</strong></span> <span class='ocrx_word' id='word_1_41' title='bbox 435 489 513 526; x_wconf 89' lang='lat' dir='ltr'><strong>Sed</strong></span> <span class='ocrx_word' id='word_1_42' title='bbox 543 487 573 525; x_wconf 91' lang='lat' dir='ltr'><strong>si</strong></span> <span class='ocrx_word' id='word_1_43' title='bbox 604 486 698 524; x_wconf 78' lang='lat' dir='ltr'><strong>mihi</strong></span> <span class='ocrx_word' id='word_1_44' title='bbox 730 487 778 534; x_wconf 86' lang='lat' dir='ltr'><strong>Q.</strong></span> <span class='ocrx_word' id='word_1_45' title='bbox 802 485 924 523; x_wconf 77' lang='lat' dir='ltr'><strong>Axius</strong></span> <span class='ocrx_word' id='word_1_46' title='bbox 954 485 992 522; x_wconf 93' lang='lat' dir='ltr'><strong>in</strong></span> <span class='ocrx_word' id='word_1_47' title='bbox 1023 485 1097 521; x_wconf 89' lang='lat' dir='ltr'><strong>hac</strong></span> <span class='ocrx_word' id='word_1_48' title='bbox 1128 497 1215 521; x_wconf 89' lang='lat' dir='ltr'><strong>mea</strong></span> <span class='ocrx_word' id='word_1_49' title='bbox 1244 485 1334 533; x_wconf 80' lang='lat' dir='ltr'><strong>fuga</strong></span> <span class='ocrx_word' id='word_1_50' title='bbox 1365 484 1435 520; x_wconf 85' lang='lat' dir='ltr'><strong>Hs</strong></span> <span class='ocrx_word' id='word_1_51' title='bbox 1464 482 1544 518; x_wconf 53' lang='grc' dir='ltr'>ᾗ</span> <span class='ocrx_word' id='word_1_52' title='bbox 1564 495 1580 526; x_wconf 86' lang='lat'>5</span> 
     </span>
     <span class='ocr_line' id='line_1_10' title="bbox 214 546 1545 602; baseline -0.006 -11"><span class='ocrx_word' id='word_1_53' title='bbox 214 567 295 591; x_wconf 93' lang='lat' dir='ltr'><strong>non</strong></span> <span class='ocrx_word' id='word_1_54' title='bbox 316 552 444 591; x_wconf 77' lang='lat' dir='ltr'>reddit</span> <span class='ocrx_word' id='word_1_55' title='bbox 466 565 566 602; x_wconf 84' lang='lat' dir='ltr'><strong>quae</strong></span> <span class='ocrx_word' id='word_1_56' title='bbox 587 551 679 590; x_wconf 88' lang='lat' dir='ltr'><strong>dedi</strong></span> <span class='ocrx_word' id='word_1_57' title='bbox 705 550 787 588; x_wconf 88' lang='lat' dir='ltr'><strong>eius</strong></span> <span class='ocrx_word' id='word_1_58' title='bbox 812 550 892 588; x_wconf 84' lang='lat' dir='ltr'><strong>filio</strong></span> <span class='ocrx_word' id='word_1_59' title='bbox 920 557 1056 587; x_wconf 86' lang='lat' dir='ltr'><strong>mutua</strong></span> <span class='ocrx_word' id='word_1_60' title='bbox 1083 556 1121 586; x_wconf 91' lang='lat' dir='ltr'><strong>et</strong></span> <span class='ocrx_word' id='word_1_61' title='bbox 1148 547 1268 586; x_wconf 82' lang='lat' dir='ltr'><strong>utitur</strong></span> <span class='ocrx_word' id='word_1_62' title='bbox 1294 546 1545 585; x_wconf 78' lang='lat' dir='ltr'><strong>excusatione</strong></span> 
     </span>
     <span class='ocr_line' id='line_1_11' title="bbox 215 611 1545 667; baseline -0.006 -11"><span class='ocrx_word' id='word_1_63' title='bbox 215 618 412 667; x_wconf 85' lang='lat' dir='ltr'><strong>temporis,</strong></span> <span class='ocrx_word' id='word_1_64' title='bbox 445 617 476 655; x_wconf 92' lang='lat' dir='ltr'><strong>si</strong></span> <span class='ocrx_word' id='word_1_65' title='bbox 508 619 642 667; x_wconf 82' lang='lat' dir='ltr'><strong>Lepta,</strong></span> <span class='ocrx_word' id='word_1_66' title='bbox 675 616 705 654; x_wconf 90' lang='lat' dir='ltr'><strong>si</strong></span> <span class='ocrx_word' id='word_1_67' title='bbox 740 615 870 662; x_wconf 83' lang='lat' dir='ltr'><strong>ceteri,</strong></span> <span class='ocrx_word' id='word_1_68' title='bbox 902 617 1011 653; x_wconf 91' lang='lat' dir='ltr'><strong>soleo</strong></span> <span class='ocrx_word' id='word_1_69' title='bbox 1046 613 1174 651; x_wconf 86' lang='lat' dir='ltr'><strong>mirari</strong></span> <span class='ocrx_word' id='word_1_70' title='bbox 1205 615 1254 651; x_wconf 87' lang='lat' dir='ltr'><strong>de</strong></span> <span class='ocrx_word' id='word_1_71' title='bbox 1289 612 1423 650; x_wconf 91' lang='lat' dir='ltr'><strong>nescio</strong></span> <span class='ocrx_word' id='word_1_72' title='bbox 1458 611 1545 661; x_wconf 82' lang='lat' dir='ltr'><strong>quis</strong></span> 
     </span>
     <span class='ocr_line' id='line_1_12' title="bbox 217 678 1545 730; baseline -0.006 -8"><span class='ocrx_word' id='word_1_73' title='bbox 217 685 286 721; x_wconf 92' lang='lat' dir='ltr'><strong>HS</strong></span> <span class='ocrx_word' id='word_1_74' title='bbox 306 684 369 720; x_wconf 55' lang='lat' dir='ltr'><strong>H</strong></span> <span class='ocrx_word' id='word_1_75' title='bbox 395 696 486 721; x_wconf 87' lang='lat' dir='ltr'><strong>cum</strong></span> <span class='ocrx_word' id='word_1_76' title='bbox 513 682 632 721; x_wconf 90' lang='lat' dir='ltr'><strong>audio</strong></span> <span class='ocrx_word' id='word_1_77' title='bbox 657 695 703 720; x_wconf 82' lang='lat' dir='ltr'><strong>ex</strong></span> <span class='ocrx_word' id='word_1_78' title='bbox 730 681 796 719; x_wconf 89' lang='lat' dir='ltr'><strong>illo</strong></span> <span class='ocrx_word' id='word_1_79' title='bbox 824 695 864 719; x_wconf 88' lang='lat' dir='ltr'><strong>se</strong></span> <span class='ocrx_word' id='word_1_80' title='bbox 891 679 1026 730; x_wconf 81' lang='lat' dir='ltr'><strong>urgeri.</strong></span> <span class='ocrx_word' id='word_1_81' title='bbox 1087 679 1210 717; x_wconf 84' lang='lat' dir='ltr'><strong>Vides</strong></span> <span class='ocrx_word' id='word_1_82' title='bbox 1237 678 1341 716; x_wconf 86' lang='lat' dir='ltr'><strong>enim</strong></span> <span class='ocrx_word' id='word_1_83' title='bbox 1368 678 1545 727; x_wconf 86' lang='lat' dir='ltr'><strong>profecto</strong></span> 
     </span>
     <span class='ocr_line' id='line_1_13' title="bbox 214 741 1544 798; baseline -0.006 -11"><span class='ocrx_word' id='word_1_84' title='bbox 214 747 423 798; x_wconf 78' lang='lat' dir='ltr'>angustias.</span> <span class='ocrx_word' id='word_1_85' title='bbox 470 747 605 787; x_wconf 79' lang='lat' dir='ltr'><strong>Curari</strong></span> <span class='ocrx_word' id='word_1_86' title='bbox 627 755 758 784; x_wconf 84' lang='lat' dir='ltr'><strong>tamen</strong></span> <span class='ocrx_word' id='word_1_87' title='bbox 779 760 824 784; x_wconf 85' lang='lat' dir='ltr'><strong>ea</strong></span> <span class='ocrx_word' id='word_1_88' title='bbox 845 745 915 783; x_wconf 85' lang='lat' dir='ltr'><strong>tibi</strong></span> <span class='ocrx_word' id='word_1_89' title='bbox 937 745 1072 794; x_wconf 83' lang='lat' dir='ltr'><strong>utique</strong></span> <span class='ocrx_word' id='word_1_90' title='bbox 1093 744 1211 782; x_wconf 88' lang='lat' dir='ltr'><strong>iubet.</strong></span> <span class='ocrx_word' id='word_1_91' title='bbox 1262 745 1325 780; x_wconf 88' lang='lat' dir='ltr'><strong>An</strong></span> <span class='ocrx_word' id='word_1_92' title='bbox 1348 741 1544 781; x_wconf 83' lang='lat' dir='ltr'><strong>existimas</strong></span> 
     </span>
     <span class='ocr_line' id='line_1_14' title="bbox 214 809 1604 863; baseline -0.005 -12"><span class='ocrx_word' id='word_1_93' title='bbox 214 813 325 851; x_wconf 89' lang='lat' dir='ltr'><strong>illum</strong></span> <span class='ocrx_word' id='word_1_94' title='bbox 354 813 394 851; x_wconf 91' lang='lat' dir='ltr'><strong>in</strong></span> <span class='ocrx_word' id='word_1_95' title='bbox 424 813 498 851; x_wconf 86' lang='lat' dir='ltr'><strong>isto</strong></span> <span class='ocrx_word' id='word_1_96' title='bbox 527 826 668 863; x_wconf 89' lang='lat' dir='ltr'><strong>genere</strong></span> <span class='ocrx_word' id='word_1_97' title='bbox 703 813 894 850; x_wconf 86' lang='lat' dir='ltr'><strong>lentulum</strong></span> <span class='ocrx_word' id='word_1_98' title='bbox 925 819 991 849; x_wconf 84' lang='lat' dir='ltr'><strong>aut</strong></span> <span class='ocrx_word' id='word_1_99' title='bbox 1021 809 1270 848; x_wconf 85' lang='lat' dir='ltr'><strong>restrictum?</strong></span> <span class='ocrx_word' id='word_1_100' title='bbox 1327 810 1457 846; x_wconf 90' lang='lat' dir='ltr'><strong>Nemo</strong></span> <span class='ocrx_word' id='word_1_101' title='bbox 1487 815 1545 845; x_wconf 90' lang='lat' dir='ltr'><strong>est</strong></span> <span class='ocrx_word' id='word_1_102' title='bbox 1567 822 1604 845; x_wconf 91' lang='lat' dir='ltr'><strong>1c</strong></span> 
     </span>
     <span class='ocr_line' id='line_1_15' title="bbox 217 877 735 916; baseline 0 -1"><span class='ocrx_word' id='word_1_103' title='bbox 217 878 356 916; x_wconf 89' lang='lat' dir='ltr'><strong>minus.</strong></span> <span class='ocrx_word' id='word_1_104' title='bbox 418 880 479 916; x_wconf 87' lang='lat' dir='ltr'><strong>De</strong></span> <span class='ocrx_word' id='word_1_105' title='bbox 499 879 613 915; x_wconf 88' lang='lat' dir='ltr'><strong>fratre</strong></span> <span class='ocrx_word' id='word_1_106' title='bbox 634 877 735 915; x_wconf 75' lang='lat' dir='ltr'><strong>satis.</strong></span> 
     </span>
    </p>

    <p class='ocr_par' dir='ltr' id='par_1_7' title="bbox 213 938 1609 1773">
     <span class='ocr_line' id='line_1_16' title="bbox 271 938 1547 991; baseline -0.005 -10"><span class='ocrx_word' id='word_1_107' title='bbox 271 946 333 981; x_wconf 93' lang='lat' dir='ltr'><strong>De</strong></span> <span class='ocrx_word' id='word_1_108' title='bbox 361 943 443 982; x_wconf 90' lang='lat' dir='ltr'><strong>eius</strong></span> <span class='ocrx_word' id='word_1_109' title='bbox 471 942 551 981; x_wconf 85' lang='lat' dir='ltr'><strong>filio</strong></span> <span class='ocrx_word' id='word_1_110' title='bbox 579 942 741 980; x_wconf 81' lang='lat' dir='ltr'>indulsit</span> <span class='ocrx_word' id='word_1_111' title='bbox 768 941 821 980; x_wconf 87' lang='lat' dir='ltr'><strong>illi</strong></span> <span class='ocrx_word' id='word_1_112' title='bbox 849 941 1010 991; x_wconf 84' lang='lat' dir='ltr'><strong>quidem</strong></span> <span class='ocrx_word' id='word_1_113' title='bbox 1039 954 1131 979; x_wconf 84' lang='lat' dir='ltr'><strong>suus</strong></span> <span class='ocrx_word' id='word_1_114' title='bbox 1162 947 1270 989; x_wconf 87' lang='lat' dir='ltr'><strong>pater</strong></span> <span class='ocrx_word' id='word_1_115' title='bbox 1297 952 1451 988; x_wconf 80' lang='lat' dir='ltr'><strong>semper</strong></span> <span class='ocrx_word' id='word_1_116' title='bbox 1477 938 1547 975; x_wconf 87' lang='lat' dir='ltr'><strong>sed</strong></span> 
     </span>
     <span class='ocr_line' id='line_1_17' title="bbox 215 1007 1547 1058; baseline -0.005 -12"><span class='ocrx_word' id='word_1_117' title='bbox 215 1022 295 1046; x_wconf 91' lang='lat' dir='ltr'><strong>non</strong></span> <span class='ocrx_word' id='word_1_118' title='bbox 317 1007 408 1046; x_wconf 86' lang='lat' dir='ltr'><strong>facit</strong></span> <span class='ocrx_word' id='word_1_119' title='bbox 429 1007 673 1058; x_wconf 79' lang='lat' dir='ltr'><strong>indulgentia</strong></span> <span class='ocrx_word' id='word_1_120' title='bbox 694 1008 927 1046; x_wconf 85' lang='lat' dir='ltr'><strong>mendacem</strong></span> <span class='ocrx_word' id='word_1_121' title='bbox 949 1014 1014 1044; x_wconf 87' lang='lat' dir='ltr'><strong>aut</strong></span> <span class='ocrx_word' id='word_1_122' title='bbox 1035 1018 1194 1043; x_wconf 81' lang='lat' dir='ltr'><strong>avarum</strong></span> <span class='ocrx_word' id='word_1_123' title='bbox 1218 1012 1285 1042; x_wconf 84' lang='lat' dir='ltr'><strong>aut</strong></span> <span class='ocrx_word' id='word_1_124' title='bbox 1312 1017 1392 1041; x_wconf 90' lang='lat' dir='ltr'><strong>non</strong></span> <span class='ocrx_word' id='word_1_125' title='bbox 1417 1016 1547 1040; x_wconf 87' lang='lat' dir='ltr'><strong>aman-</strong></span> 
     </span>
     <span class='ocr_line' id='line_1_18' title="bbox 214 1069 1547 1121; baseline -0.005 -9"><span class='ocrx_word' id='word_1_126' title='bbox 214 1082 294 1112; x_wconf 85' lang='lat' dir='ltr'><strong>tem</strong></span> <span class='ocrx_word' id='word_1_127' title='bbox 316 1087 489 1121; x_wconf 79' lang='lat' dir='ltr'><strong>suorum,</strong></span> <span class='ocrx_word' id='word_1_128' title='bbox 511 1075 682 1111; x_wconf 88' lang='lat' dir='ltr'><strong>ferocem</strong></span> <span class='ocrx_word' id='word_1_129' title='bbox 703 1074 866 1111; x_wconf 89' lang='lat' dir='ltr'><strong>fortasse</strong></span> <span class='ocrx_word' id='word_1_130' title='bbox 885 1079 1004 1121; x_wconf 84' lang='lat' dir='ltr'><strong>atque</strong></span> <span class='ocrx_word' id='word_1_131' title='bbox 1025 1072 1281 1120; x_wconf 76' lang='lat' dir='ltr'><strong>adrogantem</strong></span> <span class='ocrx_word' id='word_1_132' title='bbox 1302 1077 1341 1107; x_wconf 89' lang='lat' dir='ltr'><strong>et</strong></span> <span class='ocrx_word' id='word_1_133' title='bbox 1361 1069 1547 1106; x_wconf 87' lang='lat' dir='ltr'><strong>infestum</strong></span> 
     </span>
     <span class='ocr_line' id='line_1_19' title="bbox 213 1133 1608 1188; baseline -0.005 -12"><span class='ocrx_word' id='word_1_134' title='bbox 213 1138 315 1176; x_wconf 84' lang='lat' dir='ltr'><strong>facit.</strong></span> <span class='ocrx_word' id='word_1_135' title='bbox 378 1140 518 1188; x_wconf 84' lang='lat' dir='ltr'><strong>Itaque</strong></span> <span class='ocrx_word' id='word_1_136' title='bbox 539 1139 658 1176; x_wconf 88' lang='lat' dir='ltr'><strong>habet</strong></span> <span class='ocrx_word' id='word_1_137' title='bbox 680 1139 776 1175; x_wconf 81' lang='lat' dir='ltr'><strong>haec</strong></span> <span class='ocrx_word' id='word_1_138' title='bbox 797 1151 958 1187; x_wconf 83' lang='lat' dir='ltr'><strong>quoque</strong></span> <span class='ocrx_word' id='word_1_139' title='bbox 982 1150 1083 1186; x_wconf 84' lang='lat' dir='ltr'><strong>quae</strong></span> <span class='ocrx_word' id='word_1_140' title='bbox 1108 1142 1322 1173; x_wconf 85' lang='lat' dir='ltr'><strong>nascuntur</strong></span> <span class='ocrx_word' id='word_1_141' title='bbox 1349 1147 1395 1172; x_wconf 84' lang='lat' dir='ltr'><strong>ex</strong></span> <span class='ocrx_word' id='word_1_142' title='bbox 1423 1133 1548 1171; x_wconf 87' lang='lat' dir='ltr'><strong>indul·</strong></span> <span class='ocrx_word' id='word_1_143' title='bbox 1571 1145 1608 1175; x_wconf 88' lang='lat'><strong>15</strong></span> 
     </span>
     <span class='ocr_line' id='line_1_20' title="bbox 213 1198 1548 1253; baseline -0.004 -12"><span class='ocrx_word' id='word_1_144' title='bbox 213 1203 353 1253; x_wconf 72' lang='lat' dir='ltr'><strong>gentia,</strong></span> <span class='ocrx_word' id='word_1_145' title='bbox 392 1204 461 1241; x_wconf 92' lang='lat' dir='ltr'><strong>sed</strong></span> <span class='ocrx_word' id='word_1_146' title='bbox 496 1216 543 1241; x_wconf 91' lang='lat' dir='ltr'><strong>ea</strong></span> <span class='ocrx_word' id='word_1_147' title='bbox 581 1210 671 1241; x_wconf 87' lang='lat' dir='ltr'><strong>sunt</strong></span> <span class='ocrx_word' id='word_1_148' title='bbox 706 1201 921 1240; x_wconf 79' lang='lat' dir='ltr'><strong>tolerabilia</strong></span> <span class='ocrx_word' id='word_1_149' title='bbox 960 1201 1074 1251; x_wconf 84' lang='lat' dir='ltr'><strong>(quid</strong></span> <span class='ocrx_word' id='word_1_150' title='bbox 1113 1200 1218 1238; x_wconf 91' lang='lat' dir='ltr'><strong>enim</strong></span> <span class='ocrx_word' id='word_1_151' title='bbox 1258 1199 1387 1237; x_wconf 86' lang='lat' dir='ltr'><strong>dicam</strong></span> <span class='ocrx_word' id='word_1_152' title='bbox 1401 1198 1434 1249; x_wconf 90' lang='lat'><strong>?)</strong></span> <span class='ocrx_word' id='word_1_153' title='bbox 1474 1199 1548 1235; x_wconf 87' lang='lat' dir='ltr'><strong>hac</strong></span> 
     </span>
     <span class='ocr_line' id='line_1_21' title="bbox 214 1264 1548 1316; baseline -0.004 -11"><span class='ocrx_word' id='word_1_154' title='bbox 214 1268 442 1313; x_wconf 85' lang='lat' dir='ltr'><strong>iuventute;</strong></span> <span class='ocrx_word' id='word_1_155' title='bbox 471 1282 517 1305; x_wconf 91' lang='lat' dir='ltr'><strong>ea</strong></span> <span class='ocrx_word' id='word_1_156' title='bbox 546 1281 648 1314; x_wconf 86' lang='lat' dir='ltr'><strong>vero,</strong></span> <span class='ocrx_word' id='word_1_157' title='bbox 672 1280 772 1316; x_wconf 83' lang='lat' dir='ltr'><strong>quae</strong></span> <span class='ocrx_word' id='word_1_158' title='bbox 801 1266 895 1304; x_wconf 84' lang='lat' dir='ltr'><strong>mihi</strong></span> <span class='ocrx_word' id='word_1_159' title='bbox 921 1266 1081 1315; x_wconf 86' lang='lat' dir='ltr'><strong>quidem</strong></span> <span class='ocrx_word' id='word_1_160' title='bbox 1110 1265 1177 1314; x_wconf 83' lang='lat' dir='ltr'><strong>qui</strong></span> <span class='ocrx_word' id='word_1_161' title='bbox 1205 1264 1314 1302; x_wconf 88' lang='lat' dir='ltr'><strong>illurn</strong></span> <span class='ocrx_word' id='word_1_162' title='bbox 1342 1277 1433 1301; x_wconf 87' lang='lat' dir='ltr'><strong>amo</strong></span> <span class='ocrx_word' id='word_1_163' title='bbox 1457 1271 1548 1301; x_wconf 88' lang='lat' dir='ltr'><strong>sunt</strong></span> 
     </span>
     <span class='ocr_line' id='line_1_22' title="bbox 214 1318 1549 1382; baseline -0.003 -12"><span class='ocrx_word' id='word_1_164' title='bbox 214 1333 273 1370; x_wconf 86' lang='lat' dir='ltr'><strong>his</strong></span> <span class='ocrx_word' id='word_1_165' title='bbox 298 1333 390 1382; x_wconf 82' lang='lat' dir='ltr'><strong>ipsis</strong></span> <span class='ocrx_word' id='word_1_166' title='bbox 419 1333 530 1370; x_wconf 87' lang='lat' dir='ltr'><strong>malis</strong></span> <span class='ocrx_word' id='word_1_167' title='bbox 558 1333 597 1370; x_wconf 92' lang='lat' dir='ltr'><strong>in</strong></span> <span class='ocrx_word' id='word_1_168' title='bbox 625 1332 712 1382; x_wconf 84' lang='lat' dir='ltr'><strong>quis</strong></span> <span class='ocrx_word' id='word_1_169' title='bbox 740 1345 875 1370; x_wconf 88' lang='lat' dir='ltr'><strong>sumus</strong></span> <span class='ocrx_word' id='word_1_170' title='bbox 904 1318 1115 1377; x_wconf 60' lang='lat' dir='ltr'><strong>miseriora:</strong></span> <span class='ocrx_word' id='word_1_171' title='bbox 1137 1344 1218 1368; x_wconf 94' lang='lat' dir='ltr'><strong>non</strong></span> <span class='ocrx_word' id='word_1_172' title='bbox 1245 1337 1336 1367; x_wconf 91' lang='lat' dir='ltr'><strong>sunt</strong></span> <span class='ocrx_word' id='word_1_173' title='bbox 1359 1330 1409 1367; x_wconf 88' lang='lat' dir='ltr'><strong>ab</strong></span> <span class='ocrx_word' id='word_1_174' title='bbox 1438 1329 1549 1366; x_wconf 89' lang='lat' dir='ltr'><strong>obse-</strong></span> 
     </span>
     <span class='ocr_line' id='line_1_23' title="bbox 213 1396 1549 1447; baseline -0.003 -11"><span class='ocrx_word' id='word_1_175' title='bbox 213 1398 308 1447; x_wconf 85' lang='lat' dir='ltr'><strong>quio</strong></span> <span class='ocrx_word' id='word_1_176' title='bbox 329 1405 473 1436; x_wconf 87' lang='lat' dir='ltr'><strong>nostro.</strong></span> <span class='ocrx_word' id='word_1_177' title='bbox 535 1399 638 1435; x_wconf 85' lang='lat' dir='ltr'><strong>Nam</strong></span> <span class='ocrx_word' id='word_1_178' title='bbox 661 1410 750 1435; x_wconf 86' lang='lat' dir='ltr'><strong>suas</strong></span> <span class='ocrx_word' id='word_1_179' title='bbox 771 1397 921 1435; x_wconf 77' lang='lat' dir='ltr'><strong>radices</strong></span> <span class='ocrx_word' id='word_1_180' title='bbox 942 1397 1114 1443; x_wconf 76' lang='lat' dir='ltr'><strong>habent3</strong></span> <span class='ocrx_word' id='word_1_181' title='bbox 1145 1410 1241 1446; x_wconf 82' lang='lat' dir='ltr'><strong>quas</strong></span> <span class='ocrx_word' id='word_1_182' title='bbox 1263 1404 1395 1433; x_wconf 89' lang='lat' dir='ltr'><strong>tamen</strong></span> <span class='ocrx_word' id='word_1_183' title='bbox 1412 1396 1549 1433; x_wconf 89' lang='lat' dir='ltr'><strong>evelle-</strong></span> 
     </span>
     <span class='ocr_line' id='line_1_24' title="bbox 214 1461 1609 1513; baseline -0.001 -13"><span class='ocrx_word' id='word_1_184' title='bbox 214 1477 294 1501; x_wconf 87' lang='lat' dir='ltr'><strong>rem</strong></span> <span class='ocrx_word' id='word_1_185' title='bbox 331 1465 518 1513; x_wconf 84' lang='lat' dir='ltr'><strong>profecto,</strong></span> <span class='ocrx_word' id='word_1_186' title='bbox 552 1463 583 1500; x_wconf 88' lang='lat' dir='ltr'><strong>si</strong></span> <span class='ocrx_word' id='word_1_187' title='bbox 615 1463 757 1501; x_wconf 86' lang='lat' dir='ltr'><strong>liceret.</strong></span> <span class='ocrx_word' id='word_1_188' title='bbox 818 1463 895 1500; x_wconf 85' lang='lat' dir='ltr'><strong>Sed</strong></span> <span class='ocrx_word' id='word_1_189' title='bbox 926 1476 972 1500; x_wconf 87' lang='lat' dir='ltr'><strong>ea</strong></span> <span class='ocrx_word' id='word_1_190' title='bbox 1003 1470 1180 1511; x_wconf 87' lang='lat' dir='ltr'><strong>tempora</strong></span> <span class='ocrx_word' id='word_1_191' title='bbox 1215 1469 1305 1499; x_wconf 88' lang='lat' dir='ltr'><strong>sunt</strong></span> <span class='ocrx_word' id='word_1_192' title='bbox 1339 1469 1380 1499; x_wconf 89' lang='lat' dir='ltr'><strong>ut</strong></span> <span class='ocrx_word' id='word_1_193' title='bbox 1415 1461 1548 1499; x_wconf 84' lang='lat' dir='ltr'><strong>omnia</strong></span> <span class='ocrx_word' id='word_1_194' title='bbox 1569 1477 1609 1498; x_wconf 82' lang='lat'><strong>20</strong></span> 
     </span>
     <span class='ocr_line' id='line_1_25' title="bbox 215 1527 1546 1578; baseline 0 -14"><span class='ocrx_word' id='word_1_195' title='bbox 215 1528 311 1565; x_wconf 85' lang='lat' dir='ltr'><strong>mihi</strong></span> <span class='ocrx_word' id='word_1_196' title='bbox 333 1528 409 1566; x_wconf 85' lang='lat' dir='ltr'><strong>sint</strong></span> <span class='ocrx_word' id='word_1_197' title='bbox 430 1528 625 1578; x_wconf 81' lang='lat' dir='ltr'><strong>patienda.</strong></span> <span class='ocrx_word' id='word_1_198' title='bbox 687 1530 771 1578; x_wconf 89' lang='lat' dir='ltr'><strong>Ego</strong></span> <span class='ocrx_word' id='word_1_199' title='bbox 793 1541 924 1566; x_wconf 86' lang='lat' dir='ltr'><strong>meum</strong></span> <span class='ocrx_word' id='word_1_200' title='bbox 942 1528 1054 1566; x_wconf 84' lang='lat' dir='ltr'><strong>facile</strong></span> <span class='ocrx_word' id='word_1_201' title='bbox 1075 1536 1192 1566; x_wconf 92' lang='lat' dir='ltr'><strong>teneo</strong></span> <span class='ocrx_word' id='word_1_202' title='bbox 1210 1543 1217 1573; x_wconf 84' lang='lat'>;</span> <span class='ocrx_word' id='word_1_203' title='bbox 1246 1528 1341 1565; x_wconf 88' lang='lat' dir='ltr'><strong>nihil</strong></span> <span class='ocrx_word' id='word_1_204' title='bbox 1364 1536 1421 1565; x_wconf 83' lang='lat' dir='ltr'><strong>est</strong></span> <span class='ocrx_word' id='word_1_205' title='bbox 1442 1527 1546 1565; x_wconf 88' lang='lat' dir='ltr'><strong>enim</strong></span> 
     </span>
     <span class='ocr_line' id='line_1_26' title="bbox 216 1592 1549 1642; baseline -0.001 -12"><span class='ocrx_word' id='word_1_206' title='bbox 216 1607 264 1631; x_wconf 86' lang='lat' dir='ltr'><strong>eo</strong></span> <span class='ocrx_word' id='word_1_207' title='bbox 302 1592 553 1631; x_wconf 78' lang='lat' dir='ltr'><strong>tractabilius.</strong></span> <span class='ocrx_word' id='word_1_208' title='bbox 614 1592 769 1641; x_wconf 83' lang='lat' dir='ltr'><strong>Quoius</strong></span> <span class='ocrx_word' id='word_1_209' title='bbox 808 1593 969 1642; x_wconf 83' lang='lat' dir='ltr'><strong>quidem</strong></span> <span class='ocrx_word' id='word_1_210' title='bbox 1005 1594 1272 1632; x_wconf 76' lang='lat' dir='ltr'><strong>misericordia</strong></span> <span class='ocrx_word' id='word_1_211' title='bbox 1306 1592 1549 1642; x_wconf 85' lang='lat' dir='ltr'><strong>languidiora</strong></span> 
     </span>
     <span class='ocr_line' id='line_1_27' title="bbox 217 1657 1549 1708; baseline -0.001 -13"><span class='ocrx_word' id='word_1_212' title='bbox 217 1660 347 1696; x_wconf 84' lang='lat' dir='ltr'><strong>adhuc</strong></span> <span class='ocrx_word' id='word_1_213' title='bbox 375 1657 538 1696; x_wconf 90' lang='lat' dir='ltr'><strong>consilia</strong></span> <span class='ocrx_word' id='word_1_214' title='bbox 565 1657 651 1708; x_wconf 89' lang='lat' dir='ltr'><strong>cepi</strong></span> <span class='ocrx_word' id='word_1_215' title='bbox 679 1666 716 1695; x_wconf 92' lang='lat' dir='ltr'><strong>et</strong></span> <span class='ocrx_word' id='word_1_216' title='bbox 746 1671 826 1708; x_wconf 83' lang='lat' dir='ltr'><strong>quo</strong></span> <span class='ocrx_word' id='word_1_217' title='bbox 855 1658 919 1696; x_wconf 92' lang='lat' dir='ltr'><strong>ille</strong></span> <span class='ocrx_word' id='word_1_218' title='bbox 949 1673 1012 1697; x_wconf 86' lang='lat' dir='ltr'><strong>me</strong></span> <span class='ocrx_word' id='word_1_219' title='bbox 1042 1659 1247 1698; x_wconf 85' lang='lat' dir='ltr'><strong>certiorem</strong></span> <span class='ocrx_word' id='word_1_220' title='bbox 1277 1660 1358 1696; x_wconf 83' lang='lat' dir='ltr'><strong>vult</strong></span> <span class='ocrx_word' id='word_1_221' title='bbox 1388 1671 1472 1695; x_wconf 86' lang='lat' dir='ltr'><strong>esse</strong></span> <span class='ocrx_word' id='word_1_222' title='bbox 1502 1670 1549 1695; x_wconf 89' lang='lat' dir='ltr'><strong>eo</strong></span> 
     </span>
     <span class='ocr_line' id='line_1_28' title="bbox 220 1722 1155 1773; baseline 0.002 -13"><span class='ocrx_word' id='word_1_223' title='bbox 220 1723 342 1773; x_wconf 82' lang='lat' dir='ltr'><strong>magis</strong></span> <span class='ocrx_word' id='word_1_224' title='bbox 363 1723 484 1761; x_wconf 87' lang='lat' dir='ltr'><strong>timeo</strong></span> <span class='ocrx_word' id='word_1_225' title='bbox 505 1737 554 1761; x_wconf 89' lang='lat' dir='ltr'><strong>ne</strong></span> <span class='ocrx_word' id='word_1_226' title='bbox 575 1722 615 1760; x_wconf 87' lang='lat' dir='ltr'><strong>in</strong></span> <span class='ocrx_word' id='word_1_227' title='bbox 636 1736 727 1760; x_wconf 88' lang='lat' dir='ltr'><strong>eum</strong></span> <span class='ocrx_word' id='word_1_228' title='bbox 748 1723 930 1761; x_wconf 77' lang='lat' dir='ltr'><strong>exsistam</strong></span> <span class='ocrx_word' id='word_1_229' title='bbox 952 1724 1155 1762; x_wconf 83' lang='lat' dir='ltr'><strong>crudelior.</strong></span> 
     </span>
    </p>
   </div>
   <div class='ocr_carea' id='block_1_6' title="bbox 175 1787 1606 1839">
    <p class='ocr_par' dir='ltr' id='par_1_8' title="bbox 175 1787 1606 1839">
     <span class='ocr_line' id='line_1_29' title="bbox 175 1787 1606 1839; baseline 0.002 -13"><span class='ocrx_word' id='word_1_230' title='bbox 175 1800 202 1837; x_wconf 87' lang='lat'>4</span> <span class='ocrx_word' id='word_1_231' title='bbox 275 1789 353 1826; x_wconf 89' lang='lat' dir='ltr'><strong>Sed</strong></span> <span class='ocrx_word' id='word_1_232' title='bbox 388 1787 585 1825; x_wconf 86' lang='lat' dir='ltr'><strong>Antonius</strong></span> <span class='ocrx_word' id='word_1_233' title='bbox 620 1788 725 1825; x_wconf 85' lang='lat' dir='ltr'><strong>venit</strong></span> <span class='ocrx_word' id='word_1_234' title='bbox 759 1788 841 1826; x_wconf 88' lang='lat' dir='ltr'><strong>heri</strong></span> <span class='ocrx_word' id='word_1_235' title='bbox 875 1789 1036 1839; x_wconf 90' lang='lat' dir='ltr'><strong>vesperi.</strong></span> <span class='ocrx_word' id='word_1_236' title='bbox 1098 1791 1182 1826; x_wconf 81' lang='lat' dir='ltr'><strong>Iam</strong></span> <span class='ocrx_word' id='word_1_237' title='bbox 1213 1790 1375 1827; x_wconf 88' lang='lat' dir='ltr'><strong>fortasse</strong></span> <span class='ocrx_word' id='word_1_238' title='bbox 1404 1789 1454 1826; x_wconf 84' lang='lat' dir='ltr'><strong>ad</strong></span> <span class='ocrx_word' id='word_1_239' title='bbox 1486 1800 1548 1825; x_wconf 89' lang='lat' dir='ltr'><strong>me</strong></span> <span class='ocrx_word' id='word_1_240' title='bbox 1569 1799 1606 1829; x_wconf 86' lang='lat'><strong>25</strong></span> 
     </span>
    </p>
   </div>
   <div class='ocr_carea' id='block_1_7' title="bbox 219 1853 1610 2256">
    <p class='ocr_par' dir='ltr' id='par_1_9' title="bbox 219 1853 1610 2256">
     <span class='ocr_line' id='line_1_30' title="bbox 220 1853 1546 1904; baseline -0.001 -13"><span class='ocrx_word' id='word_1_241' title='bbox 220 1854 348 1892; x_wconf 84' lang='lat' dir='ltr'><strong>veniet</strong></span> <span class='ocrx_word' id='word_1_242' title='bbox 369 1861 436 1891; x_wconf 86' lang='lat' dir='ltr'><strong>aut</strong></span> <span class='ocrx_word' id='word_1_243' title='bbox 457 1867 507 1891; x_wconf 89' lang='lat' dir='ltr'><strong>ne</strong></span> <span class='ocrx_word' id='word_1_244' title='bbox 534 1853 573 1891; x_wconf 91' lang='lat' dir='ltr'><strong>id</strong></span> <span class='ocrx_word' id='word_1_245' title='bbox 601 1853 774 1903; x_wconf 83' lang='lat' dir='ltr'><strong>quidem,</strong></span> <span class='ocrx_word' id='word_1_246' title='bbox 799 1855 987 1904; x_wconf 83' lang='lat' dir='ltr'><strong>quoniam</strong></span> <span class='ocrx_word' id='word_1_247' title='bbox 1013 1854 1164 1904; x_wconf 87' lang='lat' dir='ltr'><strong>scripsit</strong></span> <span class='ocrx_word' id='word_1_248' title='bbox 1190 1854 1285 1904; x_wconf 81' lang='lat' dir='ltr'><strong>quid</strong></span> <span class='ocrx_word' id='word_1_249' title='bbox 1313 1853 1393 1891; x_wconf 90' lang='lat' dir='ltr'><strong>fieri</strong></span> <span class='ocrx_word' id='word_1_250' title='bbox 1420 1854 1546 1891; x_wconf 89' lang='lat' dir='ltr'><strong>vellet.</strong></span> 
     </span>
     <span class='ocr_line' id='line_1_31' title="bbox 219 1917 1549 1968; baseline -0.002 -11"><span class='ocrx_word' id='word_1_251' title='bbox 219 1921 297 1957; x_wconf 88' lang='lat' dir='ltr'><strong>Sed</strong></span> <span class='ocrx_word' id='word_1_252' title='bbox 336 1919 434 1957; x_wconf 86' lang='lat' dir='ltr'><strong>scies</strong></span> <span class='ocrx_word' id='word_1_253' title='bbox 473 1918 664 1957; x_wconf 90' lang='lat' dir='ltr'><strong>continuo</strong></span> <span class='ocrx_word' id='word_1_254' title='bbox 699 1918 795 1968; x_wconf 79' lang='lat' dir='ltr'><strong>quid</strong></span> <span class='ocrx_word' id='word_1_255' title='bbox 828 1927 960 1957; x_wconf 87' lang='lat' dir='ltr'><strong>actum</strong></span> <span class='ocrx_word' id='word_1_256' title='bbox 996 1919 1053 1957; x_wconf 88' lang='lat' dir='ltr'><strong>sit.</strong></span> <span class='ocrx_word' id='word_1_257' title='bbox 1115 1921 1199 1957; x_wconf 90' lang='lat' dir='ltr'><strong>Nos</strong></span> <span class='ocrx_word' id='word_1_258' title='bbox 1234 1919 1310 1957; x_wconf 85' lang='lat' dir='ltr'><strong>iam</strong></span> <span class='ocrx_word' id='word_1_259' title='bbox 1346 1918 1441 1956; x_wconf 89' lang='lat' dir='ltr'><strong>nihil</strong></span> <span class='ocrx_word' id='word_1_260' title='bbox 1476 1917 1549 1955; x_wconf 87' lang='lat' dir='ltr'><strong>nisi</strong></span> 
     </span>
     <span class='ocr_line' id='line_1_32' title="bbox 219 1986 382 2022; baseline -0.006 0"><span class='ocrx_word' id='word_1_261' title='bbox 219 1986 382 2022; x_wconf 86' lang='lat' dir='ltr'><strong>occulte.</strong></span> 
     </span>
     <span class='ocr_line' id='line_1_33' title="bbox 274 2047 1549 2098; baseline -0.002 -12"><span class='ocrx_word' id='word_1_262' title='bbox 274 2051 335 2086; x_wconf 87' lang='lat' dir='ltr'><strong>De</strong></span> <span class='ocrx_word' id='word_1_263' title='bbox 377 2048 507 2098; x_wconf 89' lang='lat' dir='ltr'><strong>pueris</strong></span> <span class='ocrx_word' id='word_1_264' title='bbox 546 2048 642 2097; x_wconf 90' lang='lat' dir='ltr'><strong>quid</strong></span> <span class='ocrx_word' id='word_1_265' title='bbox 681 2049 824 2097; x_wconf 85' lang='lat' dir='ltr'><strong>agam?</strong></span> <span class='ocrx_word' id='word_1_266' title='bbox 871 2062 1043 2098; x_wconf 85' lang='lat' dir='ltr'><strong>parvone</strong></span> <span class='ocrx_word' id='word_1_267' title='bbox 1082 2048 1236 2098; x_wconf 83' lang='lat' dir='ltr'><strong>navigio</strong></span> <span class='ocrx_word' id='word_1_268' title='bbox 1275 2047 1549 2087; x_wconf 84' lang='lat' dir='ltr'><strong>committam?</strong></span> 
     </span>
     <span class='ocr_line' id='line_1_34' title="bbox 220 2112 1610 2162; baseline 0 -13"><span class='ocrx_word' id='word_1_269' title='bbox 220 2113 328 2162; x_wconf 86' lang='lat' dir='ltr'><strong>Quid</strong></span> <span class='ocrx_word' id='word_1_270' title='bbox 368 2112 463 2150; x_wconf 86' lang='lat' dir='ltr'><strong>mihi</strong></span> <span class='ocrx_word' id='word_1_271' title='bbox 502 2112 624 2150; x_wconf 88' lang='lat' dir='ltr'><strong>animi</strong></span> <span class='ocrx_word' id='word_1_272' title='bbox 659 2112 698 2150; x_wconf 90' lang='lat' dir='ltr'><strong>in</strong></span> <span class='ocrx_word' id='word_1_273' title='bbox 733 2112 955 2162; x_wconf 86' lang='lat' dir='ltr'><strong>navigando</strong></span> <span class='ocrx_word' id='word_1_274' title='bbox 989 2127 1126 2152; x_wconf 86' lang='lat' dir='ltr'><strong>censes</strong></span> <span class='ocrx_word' id='word_1_275' title='bbox 1166 2114 1275 2151; x_wconf 88' lang='lat' dir='ltr'><strong>fore?</strong></span> <span class='ocrx_word' id='word_1_276' title='bbox 1347 2113 1550 2150; x_wconf 86' lang='lat' dir='ltr'><strong>Recordor</strong></span> <span class='ocrx_word' id='word_1_277' title='bbox 1571 2123 1610 2153; x_wconf 74' lang='lat'><strong>30</strong></span> 
     </span>
     <span class='ocr_line' id='line_1_35' title="bbox 262 2214 1550 2256; baseline -0.002 -10"><span class='ocrx_word' id='word_1_278' title='bbox 262 2227 281 2255; x_wconf 87' lang='lat'>5</span> <span class='ocrx_word' id='word_1_279' title='bbox 305 2215 473 2255; x_wconf 63' lang='lat' dir='ltr'><strong>ffi]fort.</strong></span> <span class='ocrx_word' id='word_1_280' title='bbox 492 2215 554 2253; x_wconf 53' lang='grc' dir='ltr'><strong>ἦ,</strong></span> <span class='ocrx_word' id='word_1_281' title='bbox 575 2215 612 2253; x_wconf 87' lang='lat' dir='ltr'><strong>cs.</strong></span> <span class='ocrx_word' id='word_1_282' title='bbox 632 2225 681 2253; x_wconf 83' lang='lat'><strong>15.</strong></span> <span class='ocrx_word' id='word_1_283' title='bbox 696 2228 715 2254; x_wconf 83' lang='lat'><strong>4</strong></span> <span class='ocrx_word' id='word_1_284' title='bbox 882 2226 920 2245; x_wconf 86' lang='lat'><strong>12</strong></span> <span class='ocrx_word' id='word_1_285' title='bbox 948 2217 999 2246; x_wconf 79' lang='lat' dir='ltr'><strong>De</strong></span> <span class='ocrx_word' id='word_1_286' title='bbox 1017 2217 1089 2247; x_wconf 80' lang='lat' dir='ltr'><strong>eius</strong></span> <span class='ocrx_word' id='word_1_287' title='bbox 1110 2216 1199 2256; x_wconf 83' lang='lat' dir='ltr'><strong>vulg.</strong></span> <span class='ocrx_word' id='word_1_288' title='bbox 1220 2228 1226 2247; x_wconf 76' lang='grc' dir='ltr'>ε</span> <span class='ocrx_word' id='word_1_289' title='bbox 1252 2216 1335 2246; x_wconf 87' lang='lat' dir='ltr'><strong>levis</strong></span> <span class='ocrx_word' id='word_1_290' title='bbox 1352 2216 1386 2245; x_wconf 90' lang='lat' dir='ltr'><strong>in</strong></span> <span class='ocrx_word' id='word_1_291' title='bbox 1404 2214 1463 2245; x_wconf 90' lang='lat' dir='ltr'><strong>M:</strong></span> <span class='ocrx_word' id='word_1_292' title='bbox 1499 2215 1550 2244; x_wconf 93' lang='lat' dir='ltr'><strong>De</strong></span> 
     </span>
    </p>
   </div>
   <div class='ocr_carea' id='block_1_8' title="bbox 219 2259 1549 2334">
    <p class='ocr_par' dir='ltr' id='par_1_10' title="bbox 219 2259 1549 2334">
     <span class='ocr_line' id='line_1_36' title="bbox 219 2259 1549 2299; baseline 0 -10"><span class='ocrx_word' id='word_1_293' title='bbox 219 2261 290 2290; x_wconf 85' lang='grc'><strong>61115</strong></span> <span class='ocrx_word' id='word_1_294' title='bbox 308 2259 410 2290; x_wconf 85' lang='lat' dir='ltr'><strong>infido</strong></span> <span class='ocrx_word' id='word_1_295' title='bbox 429 2259 606 2289; x_wconf 78' lang='lat' dir='ltr'><strong>Lehmann</strong></span> <span class='ocrx_word' id='word_1_296' title='bbox 621 2270 626 2288; x_wconf 90' lang='lat'>:</span> <span class='ocrx_word' id='word_1_297' title='bbox 656 2259 706 2290; x_wconf 90' lang='lat' dir='ltr'><strong>De</strong></span> <span class='ocrx_word' id='word_1_298' title='bbox 723 2260 797 2289; x_wconf 83' lang='grc'><strong>61115</strong></span> <span class='ocrx_word' id='word_1_299' title='bbox 816 2259 936 2289; x_wconf 88' lang='lat' dir='ltr'><strong>iuvene</strong></span> <span class='ocrx_word' id='word_1_300' title='bbox 955 2259 1078 2290; x_wconf 66' lang='lat' dir='ltr'><strong>Miiller</strong></span> <span class='ocrx_word' id='word_1_301' title='bbox 1186 2270 1227 2289; x_wconf 82' lang='lat'><strong>20</strong></span> <span class='ocrx_word' id='word_1_302' title='bbox 1250 2265 1403 2299; x_wconf 84' lang='lat' dir='ltr'><strong>tempora</strong></span> <span class='ocrx_word' id='word_1_303' title='bbox 1419 2265 1496 2289; x_wconf 88' lang='lat' dir='ltr'><strong>sunt</strong></span> <span class='ocrx_word' id='word_1_304' title='bbox 1514 2264 1549 2289; x_wconf 86' lang='lat' dir='ltr'><strong>ut</strong></span> 
     </span>
     <span class='ocr_line' id='line_1_37' title="bbox 223 2298 1241 2334; baseline -0.001 -1"><span class='ocrx_word' id='word_1_305' title='bbox 223 2303 268 2333; x_wconf 82' lang='lat' dir='ltr'><strong>IV</strong></span> <span class='ocrx_word' id='word_1_306' title='bbox 282 2303 368 2334; x_wconf 79' lang='lat' dir='ltr'><strong>Crat.</strong></span> <span class='ocrx_word' id='word_1_307' title='bbox 384 2301 452 2332; x_wconf 57' lang='lat'><strong>2³:</strong></span> <span class='ocrx_word' id='word_1_308' title='bbox 477 2313 539 2333; x_wconf 80' lang='lat'><em>0111.</em></span> <span class='ocrx_word' id='word_1_309' title='bbox 562 2306 614 2333; x_wconf 83' lang='grc' dir='ltr'><strong>ΣΔ</strong></span> <span class='ocrx_word' id='word_1_310' title='bbox 750 2313 787 2332; x_wconf 77' lang='lat'><strong>21</strong></span> <span class='ocrx_word' id='word_1_311' title='bbox 815 2303 882 2332; x_wconf 82' lang='lat' dir='ltr'><strong>sint</strong></span> <span class='ocrx_word' id='word_1_312' title='bbox 902 2303 989 2334; x_wconf 75' lang='lat' dir='ltr'><strong>Crat.</strong></span> <span class='ocrx_word' id='word_1_313' title='bbox 1009 2298 1078 2334; x_wconf 72' lang='lat' dir='ltr'><strong>Zb:</strong></span> <span class='ocrx_word' id='word_1_314' title='bbox 1103 2308 1182 2334; x_wconf 88' lang='lat' dir='ltr'><strong>sunt</strong></span> <span class='ocrx_word' id='word_1_315' title='bbox 1200 2302 1241 2332; x_wconf 93' lang='lat' dir='ltr'><em>M</em></span> 
     </span>
    </p>
   </div>
  </div>
 </body>
</html>
