1742 2651
137 128 205 164 IX.
224 126 300 162 xiii
605 126 658 162 M.
691 125 858 161 TVLLI
891 123 1198 161 CICERONIS

240 238 438 287 λάπισμα;
468 250 627 286 magnas
649 236 767 273 habet
789 242 891 272 certe
916 234 1049 284 copias
1074 241 1112 272 et
1137 234 1299 272 habebit
1320 248 1400 273 non
1428 236 1564 275 Italiae

239 302 402 353 vectigal
423 303 491 340 sed
513 301 655 339 civium
677 300 792 337 bona.
835 300 951 336 Adde
967 298 1249 336 confidentiam
1264 299 1446 347 hominis,
1461 302 1565 338 adde

239 367 547 406 imbecillitatem
582 365 777 402 bonorum
812 363 981 401 virorum
1011 363 1078 412 qui
1108 363 1281 412 quidem,
1313 366 1421 413 quod
1456 365 1565 403 illum

238 432 312 471 sibi
341 431 478 469 merito
506 430 645 468 iratum
671 435 822 478 putant,
844 429 1022 474 oderunt,
1045 435 1087 464 ut
1108 435 1149 465 tu
1171 427 1307 465 scribis
1328 430 1490 468 †ludum
1518 442 1566 468 CC

238 499 377 535 vellem
408 495 554 542 scribis,
577 494 758 544 quisnam
780 493 843 531 hic
863 492 1129 543 significasset.
1189 494 1267 531 Sed
1288 501 1326 531 et
1346 493 1429 541 iste,
1452 494 1566 544 quia†
1585 506 1603 538 5

239 564 326 613 plus
355 562 579 600 ostenderat
610 573 727 609 quam
749 559 840 597 fecit
860 566 898 597 et
917 560 1034 608 vulgo
1058 558 1167 595 illum
1189 558 1256 608 qui
1276 567 1456 597 amarunt
1485 574 1566 598 non

238 634 397 675 amant3
426 625 640 675 municipia
670 637 761 662 vero
791 631 829 662 et
859 623 989 661 rustici
1027 623 1199 660 Romani
1231 623 1340 661 illum
1373 632 1563 672 metuunt,

240 695 346 731 hunc
377 693 508 731 adhuc
543 690 719 740 diligunt.
782 690 872 737 Qua
898 702 937 726 re
964 688 1017 725 ita
1044 695 1200 738 paratus
1232 696 1290 726 est
1320 696 1373 736 ut,
1396 689 1514 727 etiam
1536 690 1567 728 si

239 758 394 796 vincere
414 770 494 794 non
519 755 652 805 possit,
676 767 755 804 quo
780 755 902 792 modo
933 760 1065 790 tamen
1091 752 1195 790 vinci
1224 752 1308 802 ipse
1337 754 1459 803 possit
1486 768 1566 792 non

239 823 404 862 videam.
466 824 550 872 Ego
578 828 711 859 autem
741 833 821 858 non
851 827 930 857 tarn
956 819 1128 871 γοητείαν
1153 818 1268 856 huius
1298 818 1418 858 timeo
1448 833 1565 869 quam
1588 832 1627 854 10

239 889 502 940 πειθανάγκην.
559 889 568 906 ⁶
585 887 633 923 Αἱ
657 887 729 938 γὰρ
757 888 828 923 τῶν
857 886 1040 934 τυράννων
1065 884 1228 934 δεήσεις’
1260 883 1386 934 inquit
1407 887 1569 924 Πλάτων

242 957 251 974 ‘
268 953 364 992 οἶσθ’
384 954 439 992 ὅτι
457 953 679 1004 μεμιγμέναι
699 952 895 1002 ἆνάγκαις.’

198 1034 223 1072 5
298 1021 370 1057 Illa
409 1019 565 1068 ἀλίμενα
601 1016 717 1056 video
757 1015 827 1054 tibi
866 1028 946 1053 non
985 1013 1150 1065 probari.
1230 1015 1344 1063 Quae
1383 1029 1433 1054 ne
1472 1016 1565 1054 mihi

241 1084 402 1135 quidem
430 1084 663 1134 placebant3
695 1082 764 1120 sed
794 1081 990 1119 habebam
1021 1080 1060 1117 in
1091 1079 1165 1117 illis
1195 1087 1233 1118 et
1263 1080 1567 1119 occultationem

240 1158 278 1188 et
311 1150 516 1200 ὑπηρεσίαν
549 1149 716 1186 fidelem.
778 1148 891 1195 Quae
916 1145 947 1183 si
972 1144 1067 1182 mihi
1094 1144 1279 1182 Brundisi
1305 1153 1569 1195 suppeterent,
1593 1163 1601 1185 ι
1611 1161 1628 1193 5

242 1216 423 1261 mallem3
458 1215 527 1252 sed
559 1212 612 1251 ibi
646 1210 857 1249 occultatio
888 1211 995 1247 nulla
1027 1216 1096 1248 est.
1156 1211 1318 1257 Verum,
1348 1218 1389 1248 ut
1419 1211 1566 1258 scribis,

242 1294 333 1319 cum
353 1279 532 1318 sciemus.

193 1356 220 1393 6
295 1347 398 1385 Viris
421 1346 533 1385 bonis
555 1359 617 1383 me
645 1358 725 1383 non
753 1342 869 1381 nimis
890 1356 1044 1381 excuso.
1107 1344 1216 1391 Quas
1238 1342 1342 1380 enim
1364 1355 1431 1380 eos
1452 1356 1569 1381 cenas

241 1420 278 1451 et
300 1414 426 1450 facere
446 1419 483 1450 et
504 1410 612 1450 obire
634 1408 786 1459 scripsit
805 1409 856 1446 ad
884 1422 947 1446 me
969 1410 1118 1455 Sextus,
1143 1421 1261 1457 quam
1291 1409 1426 1454 lautas,
1449 1421 1568 1457 quam

242 1477 515 1527 tempestivas!
574 1476 651 1513 Sed
687 1474 763 1511 sint
798 1473 975 1523 quamvis
1012 1473 1116 1519 boni,
1152 1486 1232 1510 non
1267 1479 1357 1510 sunt
1389 1472 1568 1511 meliores
1590 1488 1630 1509 20

241 1556 361 1593 quam
381 1555 464 1579 nos
525 1542 733 1578 Moverent
758 1552 832 1585 me,
855 1537 885 1575 si
906 1545 1037 1576 essent
1057 1537 1244 1576 fortiores.

299 1611 361 1646 De
382 1606 588 1645 Lanuvino
611 1606 807 1642 Phameae
830 1603 975 1647 erravi;
1020 1602 1237 1640 Troianum
1269 1600 1566 1639 somniaveram.

245 1676 293 1712 Id
333 1686 405 1723 ego
439 1671 543 1710 volui
580 1672 627 1719 Q.
662 1671 731 1708 sed
767 1669 886 1718 pluris
927 1676 994 1706 est.
1068 1669 1176 1706 Istuc
1215 1675 1347 1705 tamen
1386 1660 1601 1717 cuperenr

245 1753 384 1785 emere,
408 1738 438 1776 si
460 1739 578 1775 ullam
600 1749 709 1785 spem
733 1734 886 1773 fruendi
908 1734 1093 1772 viderem.

291 1855 304 1875 1
332 1844 448 1874 Italiae
466 1842 625 1882 Madm'g:
651 1842 714 1871 alie
733 1840 786 1870 M¹
806 1853 812 1871 ι
847 1840 902 1870 ille
921 1839 975 1869 M2
992 1851 999 1870 ε
1033 1844 1068 1869 ut
1086 1838 1142 1869 ille
1158 1838 1300 1868 Rosius:
1326 1837 1471 1868 alienum
1490 1835 1576 1866 Reid

245 1899 263 1927 4
288 1889 403 1918 ludum
421 1886 491 1916 MZ
514 1889 600 1923 (teste
623 1884 855 1924 ll'csezzbctgt'o‘)
886 1883 1002 1913 codices
1029 1881 1259 1922 Malaspinae:
1292 1882 1416 1911 dudum
1447 1879 1572 1910 Orelli:

245 1933 388 1962 eundem
405 1929 556 1961 Srlzmidt
740 1927 795 1967 cc]
823 1927 873 1958 Ac
890 1927 978 1967 vulg.
1136 1937 1167 1964 4,
1185 1935 1204 1964 5
1228 1924 1278 1955 Ac
1295 1924 1417 1954 vellem
1434 1923 1571 1962 quinam

246 1976 278 2005 hi
303 1975 535 2013 significasses
554 1973 728 2003 Graevius:
765 1972 816 2001 Ac
838 1971 957 2001 vellem
983 1970 1178 2008 scripsisses
1201 1968 1354 2007 quisnam
1382 1968 1445 1997 hoc
1469 1967 1572 2005 signi-

248 2020 381 2048 ficasset
406 2018 511 2047 Boot:
549 2017 599 2047 Ac
628 2017 746 2046 vellem
772 2015 938 2054 quispiam
968 2014 1029 2043 hoc
1058 2024 1111 2043 isc.
1132 2012 1245 2042 odium
1272 2022 1373 2041 sunm
1399 2009 1571 2050 Pompeio)

244 2062 471 2101 significasset
488 2061 565 2091 comi.
588 2059 777 2097 lVesenlzmg
879 2068 897 2096 5
924 2057 991 2087 Sed
1006 2062 1038 2087 et
1052 2056 1113 2086 iste
1125 2055 1183 2086 M:
1209 2055 1388 2085 Seceditur
1401 2053 1570 2084 Schmidt:

246 2106 351 2136 Sedet
370 2105 432 2135 iste
450 2110 504 2145 (sc.
520 2103 704 2142 Domitius)
722 2103 814 2132 Boot.
861 2100 980 2130 Totum
998 2100 1104 2130 locum
1126 2100 1171 2129 ita
1193 2098 1318 2137 refingit
1332 2097 1470 2136 lWadvfg
1486 2103 1520 2127 ut
1537 2101 1572 2126 tu

245 2149 364 2179 scribis
389 2149 453 2178 iud.
476 2149 508 2187 (i.
523 2159 544 2178 e.
567 2147 697 2177 indiscsl
723 2155 827 2175 CCCLx
852 2145 901 2174 bis
926 2145 989 2173 iam
1015 2144 1068 2173 hic
1092 2143 1315 2182 significasse.
1369 2141 1437 2171 Sed
1462 2144 1494 2170 et
1518 2140 1572 2169 isti

247 2200 300 2223 (sc.
318 2191 450 2224 iudices)
511 2189 606 2230 quia]
615 2191 694 2229 soff.
713 2189 769 2228 qui
917 2189 938 2217 6
958 2191 1032 2227 post
1047 2187 1125 2217 fecit
1143 2185 1218 2216 add.
1237 2189 1366 2215 amatur
1383 2183 1573 2223 Malaspina

249 2246 284 2275 17
310 2236 455 2266 sciemus
482 2235 545 2268 (vel
565 2234 757 2273 scierimus)
777 2231 963 2262 Corradus:
995 2231 1118 2260 scimus
1136 2228 1178 2258 M
1316 2238 1357 2266 23
1381 2227 1411 2265 Q
1428 2226 1573 2256 Rosius:

245 2290 311 2318 que
330 2278 377 2315 M,
395 2279 432 2318 cf.
453 2277 530 2308 adn.
549 2277 595 2307 ad
608 2288 637 2315 9.
656 2288 674 2314 4
847 2284 901 2312 23,
919 2285 959 2312 24
985 2284 1143 2312 cuperem
1161 2282 1283 2307 emere,
1303 2272 1331 2301 si
1349 2270 1496 2299 Ernesti:
1521 2279 1573 2299 me

247 2333 406 2362 cuperem
425 2332 478 2351 me
490 2332 571 2358 moy
583 2326 633 2351 cst
652 2319 706 2348 M-
733 2319 812 2349 mihi
831 2327 989 2358 cuperem
1007 2327 1148 2356 emeres,
1165 2316 1191 2346 si
1213 2315 1313 2346 Orelli
1322 2317 1396 2354 post
1411 2312 1503 2343 Man.
1520 2311 1577 2342 sed

246 2367 273 2397 is
289 2366 367 2396 mihi
387 2376 450 2395 1107!
468 2365 560 2395 habet
