1742 2651
527 170 640 207 EPP.
673 171 750 207 AD
780 169 1040 208 ATTICVM
1352 171 1422 208 IX.
1441 170 1539 209 viic

107 278 268 318 victoria
288 279 354 326 uti,
377 279 563 329 quoniam
591 279 728 328 reliqui
755 278 984 317 crudelitate
1012 278 1147 317 odium
1176 280 1344 328 effugere
1365 293 1445 317 non

107 352 319 395 potuerunt
348 358 477 394 neque
498 343 699 382 victoriam
730 343 876 382 diutius
907 351 1038 381 tenere
1068 351 1219 394 praeter
1248 358 1371 381 unum
1401 346 1442 381 L.

108 411 255 448 Sullam
287 423 406 459 quem
441 409 660 447 imitaturus
695 422 775 446 non
810 422 908 446 sum.
971 411 1084 446 Haec
1124 423 1227 447 nova
1265 409 1313 446 sit
1348 409 1445 447 ratio

107 475 292 514 vincendi
313 483 355 512 ut
376 474 642 513 misericordia
666 482 703 512 et
732 473 962 512 liberalitate
997 488 1068 511 nos
1101 474 1334 512 muniamus.
1397 475 1444 512 Id

71 554 225 590 5quem
264 541 315 578 ad
354 541 518 578 modum
558 539 639 577 fieri
678 538 801 589 possit
839 552 919 576 non
959 540 1065 576 nulla
1104 539 1157 576 mi
1197 539 1236 576 in
1272 547 1444 577 mentem

107 605 268 643 veniunt
299 612 337 643 et
367 606 489 643 multa
513 604 669 654 reperiri
698 612 873 654 possunt.
936 606 996 642 De
1024 603 1083 642 his
1111 604 1226 642 rebus
1254 618 1348 653 rogo
1377 618 1444 642 vos

108 679 148 708 ut
169 670 447 720 cogitationem
465 669 696 719 suscipiatis.

161 737 210 774 N.
246 736 422 786 Magium
464 735 629 785 Pompei
667 736 910 785 praefectum
950 734 1208 785 deprehendi.
1287 735 1486 773 Scilicet2

108 814 198 839 meo
228 800 405 839 instituto
436 814 528 839 usus
558 814 645 839 sum
674 808 712 838 et
742 814 833 838 eum
858 800 987 838 statim
1019 800 1181 838 missum
1212 799 1296 838 feci.
1359 802 1442 838 Iam

51 880 90 903 10
108 867 189 905 duo
210 866 394 916 praefecti
415 867 568 904 fabrum
591 865 755 915 Pompei
776 865 815 903 in
838 879 965 903 meam
994 873 1229 915 potestatem
1254 873 1445 904 venerunt

108 939 146 970 et
175 945 198 970 a
227 945 289 969 me
320 931 427 969 missi
454 939 553 969 sunt.
615 930 654 969 Si
684 932 817 968 volent
845 930 941 980 grati
972 944 1066 977 esse,
1101 931 1306 969 debebunt
1332 933 1446 969 Pom-

107 996 240 1046 peium
262 996 405 1034 hortari
428 1004 469 1034 ut
491 995 599 1033 malit
621 994 716 1033 mihi
741 1009 826 1033 esse
853 995 1002 1033 amicus
1031 1009 1149 1045 quam
1178 995 1223 1033 iis
1244 996 1311 1045 qui
1332 1004 1370 1034 et
1391 996 1444 1033 illi

107 1069 144 1100 et
188 1061 284 1099 mihi
331 1075 486 1111 semper
533 1063 689 1099 fuerunt
740 1060 1008 1106 inimicissimi,
1060 1074 1227 1110 quorum
1272 1061 1441 1099 artificiis

107 1127 289 1165 effectum
312 1134 369 1165 est
391 1134 432 1164 ut
453 1140 511 1164 res
533 1126 690 1176 publica
711 1125 750 1163 in
771 1126 877 1163 hunc
898 1132 1041 1163 statum
1063 1124 1291 1174 perveniret.

49 1306 87 1338 15
151 1292 268 1327 VIII
365 1295 435 1327 Ser.
457 1297 489 1326 1'12
506 1295 683 1326 Formiano
696 1295 780 1336 prid.
800 1295 848 1326 Id.
872 1295 971 1326 Mart.
990 1306 1020 1326 a.
1042 1305 1096 1334 705
1111 1295 1197 1335 (49).

522 1385 695 1416 CICERO
719 1384 900 1415 ATTICO
922 1383 1026 1415 SAL.

161 1464 406 1503 Cenantibus
438 1476 466 1501 11
496 1465 591 1502 Idus
618 1463 733 1501 nobis
762 1476 807 1500 ac
838 1470 957 1500 noctu
989 1461 1149 1511 quidem
1181 1461 1325 1500 Statius
1354 1475 1377 1499 a
1406 1469 1443 1499 te
1463 1472 1479 1498 1

106 1529 312 1579 epistulam
344 1531 503 1567 brevem
533 1529 671 1567 attulit.
744 1531 805 1566 De
836 1530 877 1566 L.
906 1530 1110 1576 Torquato
1141 1528 1248 1576 quod
1276 1526 1440 1576 quaeris,

106 1607 187 1632 non
220 1596 341 1633 modo
364 1595 508 1632 Lucius
539 1595 609 1632 sed
642 1594 759 1632 etiam
782 1595 906 1631 Aulus
935 1594 1133 1642 profectus
1162 1600 1230 1638 est,
1255 1623 1261 1629 .
1287 1622 1293 1629 .
1318 1623 1325 1629 .
1348 1593 1444 1630 alter

47 1672 87 1692 20
106 1661 260 1697 multos.
320 1661 381 1697 De
400 1659 656 1697 Reatinorum
673 1671 818 1696 corona
836 1658 943 1707 quod
961 1657 1107 1704 scribis,
1127 1659 1291 1695 moleste
1308 1659 1389 1695 fero
1406 1657 1444 1694 in

104 1738 196 1774 agro
218 1723 365 1762 Sabino
386 1731 602 1761 sementem
619 1722 701 1761 fieri
722 1720 1026 1772 proscriptionis,
1069 1722 1276 1758 Senatores
1298 1723 1442 1759 multos

104 1804 189 1828 esse
212 1792 365 1827 Romae
385 1802 457 1826 nos
484 1802 644 1838 quoque
669 1787 928 1825 audieramus.
990 1786 1145 1835 Ecquid
1172 1794 1285 1835 potes
1312 1786 1442 1824 dicere

105 1869 173 1893 cur
193 1855 383 1893 exierint?
436 1856 484 1891 In
505 1854 564 1891 his
583 1853 677 1891 locis
699 1852 833 1903 opinio
854 1860 912 1890 est
933 1851 1158 1890 coniectura
1179 1851 1300 1901 magis
1322 1865 1439 1901 quam
1461 1864 1484 1890 2

106 1920 246 1958 nuntio
275 1928 341 1958 aut
372 1919 505 1957 litteris
537 1920 745 1957 Caesarem
777 1917 942 1956 Formiis
971 1931 1004 1954 a.
1037 1918 1073 1954 d.
1107 1928 1149 1953 xl
1183 1918 1270 1954 Kal.
1298 1917 1442 1966 Aprilis

48 1996 85 2027 25
108 1987 199 2023 fore.
261 1985 340 2022 Hic
379 1998 452 2034 ego
490 1985 629 2022 vellem
669 1984 813 2021 habere
855 1981 1021 2020 Homeri
1068 1981 1173 2019 illam
1221 1981 1440 2019 Minervam

107 2050 327 2088 simulatam
360 2049 533 2087 Mentori
562 2048 625 2086 cui
654 2048 837 2095 dicerem,

174 2134 331 2182 Μέντορ,
362 2136 436 2172 πῶς
464 2131 495 2169 τ’
527 2132 582 2181 ἄρ’
612 2132 661 2179 ἵω,
694 2135 767 2170 πῶς
797 2131 828 2168 τ’
859 2130 905 2180 ἂρ
933 2130 1220 2180 προσπτύξομαι
1249 2130 1381 2171 (timim

150 2238 170 2267 8
196 2237 254 2277 N.]
283 2236 388 2266 ERM
402 2236 587 2269 Petmrclm,
608 2237 645 2271 cf.
666 2246 713 2273 13.
728 2236 760 2268 8,
778 2245 815 2273 13
828 2246 850 2265 Α
866 2245 893 2273 1,
911 2239 943 2264 el
958 2234 1047 2265 Plnt.
1068 2234 1188 2275 Pomp.
1212 2236 1254 2273 63
1270 2246 1275 2264 :
1311 2235 1373 2264 Cn.
1395 2234 1442 2264 Os

112 2290 150 2311 10
174 2281 303 2310 fabrum
330 2280 390 2310 M:
423 2279 569 2319 partium
596 2279 734 2309 E2'ORI
754 2279 938 2312 Pctmrclm,
958 2279 994 2317 ‘s-
1015 2277 1191 2309 Lehmann
1212 2277 1315 2309 ‘AM’
1337 2280 1439 2316 166-7

106 2329 135 2354 et
151 2324 303 2355 Schmidt
322 2325 354 2353 in
375 2332 381 2340 ·
396 2323 513 2353 Rlzm'n.
530 2321 634 2353 Μιι5.’
653 2325 768 2362 [1897]
792 2333 916 2361 149e51
1066 2333 1102 2361 17
1128 2332 1153 2352 11
1171 2315 1294 2352 ZlAnl.
1316 2322 1380 2354 M·-'.
1401 2322 1438 2360 cf

107 2368 149 2398 vi.
170 2369 200 2398 8.
221 2378 232 2397 1
254 2366 325 2405 (Z),
343 2367 440 2398 Fam.
458 2368 523 2397 xiv,
549 2378 580 2405 4.
604 2377 624 2405 3
645 2366 832 2396 Mommsen
858 2367 890 2395 t'n
917 2365 1024 2396 C.I.L.
1044 2366 1063 2396 i.
1080 2371 1113 2405 p.
1130 2367 1213 2404 561:
1248 2365 1292 2396 H.
1313 2367 1344 2396 d.
1364 2364 1438 2395 M12

108 2412 192 2449 prid.
217 2411 306 2450 vulg.
490 2411 527 2440 18
550 2410 640 2448 quod
662 2411 798 2449 quaeris
819 2408 876 2439 CE
890 2410 971 2440 Ant.
991 2422 997 2440 :
1031 2410 1122 2448 quod
1141 2410 1241 2439 modo
1259 2409 1394 2448 quaeris
1411 2414 1438 2438 Δ

112 2465 150 2493 19
174 2459 248 2484 ante
270 2454 355 2484 alter
378 2455 544 2484 amissum
568 2464 632 2483 esse
656 2453 782 2484 vidctm»
802 2453 888 2483 alter
911 2453 995 2482 duos
1020 2453 1151 2492 aliquos
1177 2453 1250 2483 dies
1275 2453 1371 2483 abest
1392 2452 1442 2483 vel

108 2499 214 2528 simile
230 2497 327 2536 quid:
352 2503 431 2528 ante
449 2497 551 2528 multo
570 2496 656 2527 Reid
785 2498 826 2527 26
850 2497 1079 2526 adsimulatam
1100 2496 1185 2527 Reid
