1742 2651
584 115 694 151 EPP.
730 115 806 151 AD
838 115 1098 152 ATTICVM
1454 116 1549 152 XII.
1572 115 1618 152 lii

181 225 347 262 Plancus
368 232 424 262 est
452 226 648 274 rogandus
678 225 758 263 sive
786 239 864 275 qua
889 239 927 263 re
951 233 1064 275 potes
1089 225 1197 264 illum
1224 226 1365 271 iuvare,
1389 226 1507 265 iuves.

178 288 351 327 Pertinet
380 290 430 327 ad
460 297 635 327 nostrum
664 290 849 328 officium.
908 290 948 328 Si
976 304 1035 327 res
1066 290 1135 328 tibi
1166 292 1263 329 forte
1293 290 1423 328 notior
1452 299 1510 329 est

177 367 295 403 quam
318 353 424 400 mihi,
446 362 512 391 aut
536 354 566 392 si
593 356 782 392 Plancum
812 356 1031 405 rogandum
1061 363 1185 405 putaS,
1209 355 1354 393 scribas
1374 356 1425 393 ad
1447 369 1509 393 me

176 418 292 456 velim
315 426 356 456 ut
377 419 472 468 quid
494 419 546 457 rei
568 419 615 457 sit
635 428 673 457 et
694 420 790 469 quid
812 421 1030 470 rogandum
1059 420 1189 458 sciam.
1252 422 1313 458 De
1343 420 1508 470 epistula
1526 434 1549 461 2

138 495 154 526 5
175 484 226 521 ad
258 485 467 523 Caesarem
491 484 587 533 quid
615 484 738 534 egeris
759 493 953 535 exspecto.
1016 487 1077 524 De
1108 486 1203 524 Silio
1233 499 1313 524 non
1338 485 1390 523 ita
1414 500 1507 524 sane

177 548 322 586 laboro.
382 550 444 586 Tu
472 549 525 586 mi
554 557 621 586 aut
651 551 894 599 Scapulanos
924 558 991 588 aut
1020 550 1237 590 Clodianos
1272 551 1415 589 efficias
1445 565 1508 588 ne-

176 626 284 650 cesse
323 621 391 651 est.
452 614 530 651 Sed
565 614 699 652 nescio
735 614 830 664 quid
866 615 1008 654 videris
1042 615 1222 654 dubitare
1257 617 1307 653 de
1340 617 1509 663 Clod1a3

176 685 305 715 utrum
327 679 488 727 quando
509 678 638 716 veniat
658 693 708 716 an
731 679 860 718 sintne
880 682 1067 718 venales?
1106 681 1184 718 Sed
1205 680 1300 730 quid
1322 688 1379 718 cst
1399 682 1508 730 quod

175 741 295 780 audio
316 742 564 792 Spintherem
587 743 724 782 fecisse
746 744 990 782 divortium?

118 820 156 842 10
233 809 292 845 l)e
327 807 458 857 lingua
492 808 630 846 Latina
669 810 793 847 securi
834 825 874 848 es
913 810 1045 848 animi.
1117 811 1246 857 Dices,
1281 811 1384 859 ‘Qui
1417 811 1549 854 talia3

174 872 440 910 conscribis?’
499 875 723 926 Ἀπόγραφα
752 882 853 921 sunt,
888 875 1038 914 minore
1069 876 1201 914 labore
1232 877 1354 922 fiunt3
1390 877 1507 915 verba

175 945 327 975 tantum
348 939 483 976 adfero
504 939 648 989 quibus
668 940 841 978 abundo.

217 1087 328 1122 LIII
456 1092 527 1123 Ser.
545 1092 578 1122 itt
603 1092 787 1123 Tusculano
802 1093 896 1124 le.
919 1094 995 1123 Imt.
1010 1105 1044 1124 τι.
1068 1103 1125 1133 709
1147 1094 1226 1133 (45).

578 1181 748 1212 CICERO
779 1181 960 1212 ATTICO
992 1181 1096 1212 SAL.

116 1279 152 1311 15
230 1271 314 1320 Ego
345 1271 415 1308 etsi
442 1270 537 1308 nihil
567 1271 695 1308 habeo
722 1271 830 1320 quod
857 1271 908 1308 ad
936 1278 973 1308 te
1003 1270 1183 1318 scribam,
1211 1270 1339 1309 scribo
1372 1278 1502 1310 tamen

173 1334 266 1384 quia
300 1343 430 1374 tecum
462 1335 570 1385 loqui
605 1335 749 1373 videor.
811 1335 891 1373 Hic
926 1335 1136 1373 nobiscum
1171 1343 1261 1373 sunt
1297 1335 1430 1373 Nicias
1465 1344 1502 1374 et

172 1401 362 1439 Valerius.
437 1402 572 1440 Hodie
611 1409 696 1440 tuas
730 1401 875 1439 litteras
915 1401 1240 1450 exspectabamus
1280 1401 1501 1439 matutinas.

174 1467 300 1504 Erunt
327 1468 489 1505 fortasse
518 1469 661 1506 alterae
688 1466 1013 1517 posmeridianae,
1038 1465 1112 1503 nisi
1137 1473 1174 1504 te
1197 1465 1420 1515 Epiroticae
1450 1466 1506 1504 lit-

173 1538 277 1569 terae
302 1531 519 1581 impedient
540 1545 637 1581 quas
667 1545 740 1581 ego
771 1545 851 1570 non
882 1531 1100 1580 interpello.
1161 1530 1254 1568 Misi
1281 1532 1331 1568 ad
1362 1538 1399 1568 te
1429 1530 1506 1580 epi-

113 1608 152 1629 20
173 1598 294 1634 stulas
314 1598 364 1635 ad
394 1597 641 1635 Marcianum
674 1605 711 1635 et
745 1598 795 1635 ad
826 1598 1076 1635 Montanum.
1150 1598 1227 1634 Eas
1259 1595 1297 1633 in
1333 1597 1504 1634 eundem

173 1662 403 1701 fasciculum
424 1662 539 1701 velim
561 1663 694 1709 addas,
720 1662 793 1700 nisi
814 1664 912 1701 forte
934 1661 1009 1700 iam
1032 1660 1186 1700 dedisti.

222 1780 260 1799 10
284 1773 337 1798 cst
355 1768 396 1797 M
415 1768 584 1807 (sztpcrscr.
609 1768 679 1798 ‘vel
702 1778 738 1797 es
749 1766 794 1806 ’);
821 1772 894 1798 esto
923 1767 1052 1797 mavult
1071 1766 1155 1796 Boot
1314 1776 1350 1795 12
1375 1770 1503 1796 tantum

176 1812 219 1842 C:
245 1817 355 1842 tamen
375 1810 415 1840 M
659 1812 697 1841 18
723 1811 997 1851 posmeridianae
1015 1809 1114 1849 codd„
1134 1810 1170 1849 cf
1194 1809 1285 1841 Oral.
1309 1820 1386 1848 157:
1413 1814 1502 1848 post-

173 1856 379 1886 meridianae
396 1855 484 1895 vulg.
