1742 2651
614 660 783 697 LIBER
815 660 1068 699 DECIMVS

595 779 697 826 AD
743 780 1080 828 ATTICVM

214 912 237 947 I
326 913 396 946 Ser.
414 914 448 944 t'n
466 914 593 945 Laterio
611 913 729 953 Quinti
732 913 856 953 sralris
872 915 908 945 1'1‘1'
921 914 1008 946 Non.
1030 915 1114 956 Apr.
1134 926 1163 946 a.
1186 925 1240 956 705
1260 915 1345 957 (49).

587 1001 762 1032 CICERO
787 1002 960 1033 ATTICO
987 1003 1082 1034 SAL.

226 1092 271 1117 111
294 1081 431 1118 Nonas
448 1093 538 1117 cum
561 1079 599 1116 in
617 1079 814 1117 Laterium
837 1080 960 1118 fratris
977 1081 1182 1128 venissem,
1198 1081 1331 1131 accepi
1353 1081 1498 1120 litteras
1518 1093 1534 1119 1

172 1151 259 1183 tuas
288 1153 326 1184 et
356 1146 516 1195 paulum
547 1144 740 1194 respiravi,
773 1147 882 1194 quod
914 1154 1002 1195 post
1032 1148 1101 1184 has
1131 1147 1261 1185 ruinas
1292 1147 1387 1185 mihi
1418 1162 1497 1186 non

133 1224 151 1255 5
172 1211 377 1250 acciderat.
430 1212 503 1248 Per
523 1210 628 1248 enim
650 1210 781 1260 magni
801 1210 967 1249 aestimo
984 1211 1053 1249 tibi
1076 1211 1357 1250 firmitudinem
1377 1213 1498 1250 animi

172 1276 292 1315 nostri
321 1284 359 1315 et
379 1277 525 1313 facturn
547 1284 724 1314 nostrum
746 1276 911 1325 probari.
971 1278 1088 1315 Sexto
1109 1276 1214 1315 enim
1236 1286 1369 1316 nostro
1390 1279 1497 1327 quod

171 1341 307 1379 scribis
328 1340 494 1391 probari,
520 1340 571 1378 ita
592 1342 713 1379 laetor
734 1348 775 1378 ut
796 1355 859 1379 me
880 1341 989 1390 quasi
1012 1341 1130 1391 patris
1151 1341 1244 1389 eius,
1260 1342 1322 1380 cui
1344 1356 1498 1392 semper

170 1405 238 1443 uni
258 1406 470 1456 plurimum
493 1405 619 1451 tribui,
644 1405 790 1444 iudicio
811 1406 1059 1455 comprobari
1080 1415 1226 1456 putem.
1287 1407 1365 1455 Qui
1389 1407 1498 1455 mihi,

169 1472 278 1520 quod
301 1485 417 1522 saepe
439 1474 547 1510 soleo
569 1471 772 1518 recordari,
792 1471 888 1509 dixit
909 1471 1001 1508 olim
1026 1472 1153 1510 Nonis
1175 1471 1248 1510 illis
1272 1473 1498 1512 Decembri-

113 1549 151 1570 ιο
170 1536 254 1583 bus,
278 1551 369 1575 cum
391 1551 463 1587 ego
487 1540 495 1556 ‘
509 1539 633 1583 Sexte,
658 1536 848 1586 quidnam
869 1538 1010 1585 ergo?'

248 1620 315 1669 Μὴ
334 1622 408 1670 μάν
430 1620 556 1670 inquit
577 1620 641 1658 ille
662 1620 826 1657 ἀσπουδί
841 1637 884 1672 ’γε
905 1620 965 1656 καὶ
985 1622 1138 1660 ἀκλειῶς
1160 1618 1416 1673 [ἀπολοι’μ.ην],

248 1688 351 1723 ἀλλὰ
370 1687 467 1738 μέγα
487 1687 594 1735 ῥέξας
612 1703 646 1724 τι
667 1686 726 1724 καὶ
747 1686 987 1735 ἐσσομένοισι
1007 1686 1202 1723 πυθέσθαι.

169 1767 263 1806 Eius
295 1768 409 1818 igitur
444 1769 539 1806 mihi
573 1769 666 1806 vivit
699 1768 909 1807 auctoritas
948 1776 985 1806 et
1020 1767 1239 1805 simillimus
1278 1768 1360 1807 eius
1396 1769 1495 1807 filius

166 1834 309 1871 eodem
330 1842 387 1872 est
416 1836 522 1883 apud
553 1848 615 1872 me
643 1836 818 1883 pondere
845 1847 924 1883 quo
952 1833 1022 1870 fuit
1053 1833 1126 1871 ille.
1187 1834 1317 1881 Quem
1348 1836 1494 1873 salvere

109 1910 145 1941 15
166 1898 281 1936 velim
306 1898 442 1937 iubeas
467 1899 688 1949 plurimum.

220 1964 281 2001 Tu
299 1971 410 2002 tuum
431 1963 639 2002 consilium
660 1964 731 2002 etsi
753 1979 833 2003 non
854 1965 893 2002 in
915 1964 1174 2014 longinquum
1191 1971 1344 2014 tempus
1361 1964 1491 2003 differs
1511 1979 1534 2006 2

166 2027 259 2078 (iarn
281 2029 386 2066 enirn
409 2029 518 2067 illum
539 2037 716 2079 emptum
737 2029 1028 2079 pacificatorem
1056 2043 1256 2079 perorasse
1284 2037 1391 2079 puto,
1414 2030 1490 2068 iarn

164 2100 295 2130 actum
323 2094 472 2144 aliquid
500 2108 585 2132 esse
615 2094 654 2131 in
685 2108 871 2133 consessu
902 2102 1152 2141 senatorum3
1186 2101 1358 2132 senatum
1386 2095 1489 2133 enim

164 2171 244 2196 non
266 2159 390 2209 puto),
415 2167 545 2197 tamen
568 2173 801 2208 suspensum
824 2161 996 2197 animum
1018 2174 1150 2198 meum
1171 2159 1336 2207 detines,
1355 2162 1423 2199 sed
1445 2174 1492 2198 eo

206 2273 225 2299 4
251 2266 325 2292 tuas
342 2262 416 2292 add.
436 2262 623 2302 ll'esenlmg
703 2267 780 2302 post
796 2263 930 2302 paulum
950 2262 1025 2292 add.
1043 2262 1139 2293 lectis
1151 2262 1238 2295 Crat.
1256 2259 1299 2292 ΖΒ
1313 2264 1339 2293 L
1353 2266 1490 2303 (nmtg.)

165 2316 199 2335 11
226 2305 406 2345 ἀπολοίμην
423 2305 498 2336 add.
518 2306 539 2335 I
552 2305 746 2335 Ascensins:
781 2317 848 2336 om.
866 2305 974 2335 MRP
1077 2307 1115 2335 18
1140 2312 1295 2337 senatum
1315 2307 1403 2337 enim
1422 2317 1489 2336 non

164 2349 340 2381 Graevius:
367 2360 434 2380 non
453 2350 542 2379 enim
561 2349 649 2380 codd.
768 2360 806 2388 19
830 2351 977 2379 animum
995 2359 1104 2379 meum
1123 2351 1255 2380 detines
1271 2351 1347 2380 coni.
1366 2350 1490 2380 l‘Vescn-

163 2391 255 2432 berg:
290 2404 399 2423 meum
429 2393 615 2427 detstefmes
646 2392 759 2423 codd:
793 2404 845 2423 me
873 2394 951 2423 inde
980 2397 1077 2423 tenes
1102 2392 1242 2425 Rosius:
1277 2404 1329 2424 me
1358 2394 1489 2424 detines

161 2435 202 2466 I:
230 2447 339 2466 meum
357 2435 404 2466 ad
418 2436 593 2466 consilium
614 2436 647 2475 (l.
670 2437 722 2475 16)
743 2436 945 2475 reserendmn
964 2441 1063 2466 censet
1080 2436 1165 2466 Reid
