1742 2651
130 851 168 873 10

127 1502 165 1523 20

608 137 719 173 EPP.
753 137 829 173 AI)
860 137 1119 174 ATTICVM
1392 139 1510 175 XIII.
1535 148 1630 174 xxv

191 250 406 287 commodo
436 248 475 286 in
506 250 735 287 Tusculano
767 248 825 286 sit.
887 249 972 286 Nec
1004 247 1109 286 enim
1144 249 1195 286 ad
1228 248 1401 286 tabulam
1435 262 1525 286 eum

191 315 483 353 desideraturus
510 328 616 352 eram
639 314 695 364 (in
726 314 791 352 tali
822 313 926 352 enim
958 314 1116 363 negotio
1144 328 1213 352 cur
1240 322 1281 351 tu
1310 328 1411 351 unus
1442 329 1522 352 non

190 380 282 418 satis
305 394 344 418 es
362 380 393 429 ?)
417 381 485 418 sed
506 381 556 418 ad
578 387 857 418 testamentum
879 380 1072 426 volebam,
1092 380 1201 429 quod
1223 379 1299 417 iam
1323 381 1426 417 malo
1447 380 1524 417 alio

189 445 253 483 die
281 459 330 483 ne
354 446 406 483 ob
427 459 514 483 eam
542 459 701 483 causam
725 447 894 482 Romam
916 444 1069 482 venisse
1090 444 1233 482 videar.
1294 444 1436 494 Scripsi
1459 444 1523 494 igi<

190 518 250 547 tur
269 512 320 549 ad
343 513 507 548 Brutum
530 511 606 548 iam
628 510 735 555 illud,
759 511 868 560 quod
896 518 1106 559 putassem,
1132 509 1275 548 Idibus
1298 509 1395 547 nihil
1424 524 1522 559 opus

189 589 284 613 esse.
344 576 473 614 Velim
505 589 596 626 ergo
627 584 752 614 totum
784 577 860 613 hoc
892 575 944 613 ita
975 576 1169 626 gubernes
1201 583 1243 613 ut
1276 589 1325 613 ne
1360 575 1522 613 minima

189 640 349 690 quidem
372 655 411 680 re
433 643 510 679 ulla
532 641 639 680 Bruti
662 642 919 680 commodum
941 641 1214 691 impediamus.

243 708 321 744 Sed
343 706 438 756 quid
459 714 517 745 est
538 708 698 745 tandem
721 708 829 756 quod
850 708 1121 756 perhorrescas
1142 706 1234 756 quia
1255 714 1322 744 tuo
1343 706 1517 756 periculo
1540 718 1563 753 3

188 771 345 809 iubeam
368 772 486 810 libros
508 771 590 810 dari
613 771 810 810 Varroni?
868 772 998 809 Etiam
1027 786 1132 810 nunc
1153 772 1184 810 si
1205 772 1373 818 dubitas,
1397 774 1456 810 sac
1478 780 1519 810 ut

188 836 368 874 sciamus.
430 836 539 874 Nihil
560 844 617 875 est
644 837 749 875 enim
779 836 851 874 illis
879 837 1103 887 elegantius.
1163 839 1267 875 Volo
1288 840 1517 884 Varronem,

189 902 414 952 praesertim
437 916 527 939 cum
550 902 613 940 ille
635 902 857 949 desideret,
886 904 955 941 sed
977 910 1046 948 est,
1070 910 1111 940 ut
1133 903 1218 948 scis,

372 967 485 1007 δεινὸς
515 968 616 1016 ἀνήρ·
660 968 758 1018 τάχα
789 985 848 1005 κεν
879 968 937 1005 καὶ
967 969 1129 1006 ἀναίτιον
1157 969 1335 1020 αἰτιόῳτο.

190 1034 250 1070 Ita
284 1032 376 1069 mihi
414 1046 531 1082 saepe
561 1032 727 1070 occurrit
760 1034 888 1070 vultus
920 1032 1003 1070 eius
1034 1033 1232 1082 querentis
1268 1035 1429 1072 fortasse
1459 1036 1518 1072 vel

188 1098 275 1143 hoc,
300 1111 405 1135 meas
434 1097 551 1147 partis
579 1097 618 1134 in
644 1096 689 1134 iis
719 1097 825 1135 libris
855 1097 1054 1147 copiosius
1084 1099 1266 1136 defensas
1293 1112 1377 1137 esse
1399 1113 1517 1148 quam

187 1176 288 1208 suas,
320 1163 428 1212 quod
462 1175 524 1200 me
556 1163 713 1200 hercule
746 1176 825 1200 non
859 1176 944 1200 esse
976 1162 1188 1213 intelleges,
1220 1164 1251 1201 si
1283 1166 1444 1213 quando
1479 1164 1518 1202 in

189 1227 351 1277 Epirum
384 1227 546 1265 veneris.
607 1229 710 1265 Nam
744 1241 849 1265 nunc
884 1228 1086 1266 Alexionis
1119 1228 1294 1279 epistulis
1327 1229 1515 1267 cedimus.

187 1294 264 1331 Sed
298 1300 429 1330 tamen
462 1305 534 1342 ego
567 1306 647 1330 non
682 1294 848 1342 despero
881 1293 1089 1343 probatum
1125 1293 1169 1331 iri
1200 1294 1365 1332 Varroni
1396 1303 1433 1332 et
1464 1295 1515 1342 id,

186 1357 374 1407 quoniam
415 1356 635 1406 impensam
675 1357 838 1395 fecimus
878 1357 917 1394 in
957 1360 1203 1405 macrocolla,
1241 1359 1353 1397 facile
1393 1360 1518 1409 patior

186 1422 319 1460 teneri.
392 1422 471 1460 Sed
510 1421 627 1459 etiam
665 1428 783 1471 atque
823 1421 939 1459 etiam
980 1422 1080 1468 dico,
1118 1430 1186 1460 tuo
1224 1423 1398 1473 periculo
1438 1426 1514 1463 fiet.

186 1488 276 1536 Qua
307 1501 345 1525 re
376 1487 406 1524 si
438 1485 658 1532 addubitas,
688 1487 739 1524 ad
768 1489 932 1524 Brutum
964 1494 1231 1535 transeamus,
1260 1496 1318 1526 est
1348 1489 1453 1527 enim
1485 1490 1515 1527 is

184 1566 344 1602 quoque
376 1551 622 1589 Antiochius.
683 1552 719 1590 O
741 1552 999 1590 Academiam
1026 1553 1233 1590 volaticam
1258 1561 1295 1591 et
1325 1554 1383 1592 sui
1414 1554 1516 1592 simi-

184 1619 284 1655 lem!
328 1618 448 1655 modo
484 1618 571 1662 huc,
605 1618 726 1655 modo
761 1616 862 1655 illuc.
922 1619 1011 1663 Sed,
1039 1631 1196 1667 quaeso,
1227 1618 1393 1668 epistula
1428 1634 1515 1658 mea

183 1684 233 1720 ad
255 1684 472 1720 Varronem
491 1683 656 1720 valdene
678 1681 747 1719 tibi
769 1681 944 1731 placuit?
1002 1684 1109 1720 Male
1131 1683 1183 1720 mi
1204 1683 1252 1720 sit
1273 1683 1303 1721 si
1325 1698 1513 1734 umquam

185 1746 397 1797 quicquam
420 1754 498 1784 tam
528 1747 661 1785 enitar.
724 1749 827 1796 Ergo
853 1761 902 1785 ne
923 1747 1060 1785 Tironi
1088 1747 1248 1797 quidem
1276 1748 1419 1786 dictavi
1447 1749 1513 1799 qui

186 1820 286 1850 totas
307 1815 481 1863 περιοχὰς
502 1811 682 1862 persequi
705 1814 802 1850 solet
824 1813 893 1850 sed
915 1812 1125 1862 Spintharo
1147 1813 1376 1862 syllabatim.

227 1918 381 1953 XXVI
437 1921 505 1952 Scr.
527 1921 560 1952 in
584 1922 767 1952 Tusculano
779 1922 862 1962 pmii.
887 1921 935 1952 Id.
957 1921 1036 1952 Mai.
1059 1933 1088 1953 a.
1112 1932 1169 1962 709
1188 1922 1269 1962 (ῃ).

590 1999 761 2029 CICERO
786 1999 818 2028 Α
830 1999 983 2030 ΤΤῙ(.“0’
999 1999 1106 2030 SAL.

240 2072 299 2108 De
314 2070 458 2120 Vergili
481 2077 588 2120 parte
604 2071 718 2108 valde
739 2071 874 2119 probo.
919 2071 982 2109 Sic
1003 2084 1093 2120 ages
1115 2071 1238 2121 igitur.
1284 2074 1333 2109 Et
1350 2072 1511 2122 quidem
1532 2085 1548 2111 1

183 2135 223 2173 id
239 2135 309 2173 erit
330 2135 510 2185 primum,
527 2135 746 2185 proximum
762 2136 937 2175 Clodiae.
982 2138 1102 2185 Quod
1119 2136 1149 2174 si
1166 2144 1359 2184 neutrum,
1376 2146 1510 2176 metuo

230 2249 266 2276 14
292 2240 396 2279 partis
414 2240 446 2269 in
467 2240 506 2269 iis
526 2239 589 2269 (vel
603 2240 669 2271 hisi
689 2239 805 2269 EORs
821 2239 892 2270 Ber.
913 2241 953 2271 I:
980 2241 1186 2279 parcissimis
1203 2241 1244 2270 M
1379 2252 1416 2280 15
1442 2252 1508 2272 non

183 2293 259 2312 esse
277 2283 444 2322 intelliges
458 2283 545 2313 codd.
558 2286 720 2322 praelerA
736 2283 823 2314 Crat.
845 2295 852 2313 :
878 2284 1049 2322 intelliges
1066 2295 1133 2314 non
1152 2295 1227 2315 esse
1246 2291 1272 2315 Δ
1353 2296 1393 2323 24
1421 2285 1509 2323 Ergo

185 2336 226 2356 ne
246 2326 394 2357 Sclnitzz
435 2327 525 2365 Ergo
551 2330 584 2356 at
613 2337 676 2363 ego
706 2337 747 2357 ne
773 2327 860 2357 codd.
886 2328 943 2357 ubi
965 2333 999 2357 at
1018 2338 1082 2366 ego
1103 2339 1141 2358 cx
1158 2329 1354 2369 glossemate
1375 2329 1414 2358 al.
1445 2339 1509 2367 ego

183 2373 293 2398 ortum
312 2381 375 2400 csse
385 2373 485 2410 putat
501 2370 585 2400 Boot
601 2381 607 2400 ε
632 2369 737 2409 ἔργον.
785 2371 830 2401 At
847 2381 911 2410 ego
930 2371 1051 2401 Bosius
1186 2383 1226 2411 29
1252 2373 1442 2412 proximum
1462 2372 1510 2402 C:

184 2412 364 2443 maximum
383 2413 424 2442 M

1363 2459 1423 2491 30*
