1742 2651
130 119 177 154 X.
202 116 295 152 xvii
531 116 587 152 M.
618 113 783 150 TVLLI
816 110 1122 149 CICERONIS

185 238 209 264 2
286 228 435 266 Crebro
455 226 605 265 refricat
630 223 825 274 lippitudo
855 235 935 259 non
962 220 1028 258 illa
1055 220 1218 270 quidem
1247 219 1456 270 perodiosa
1484 221 1553 259 sed

229 300 361 330 tamen
400 306 500 341 quae
540 289 729 339 impediat
768 286 1021 335 scriptionem
1061 299 1201 323 meam.
1274 285 1553 323 Valetudinem

229 365 336 396 tuam
357 357 434 394 iam
464 357 735 394 confirmatam
765 365 850 390 esse
880 358 918 389 et
945 364 969 388 a
998 357 1127 389 vetere
1156 350 1297 388 morbo
1327 357 1364 387 et
1393 363 1416 386 a
1445 349 1556 387 novis

229 421 554 471 temptationibus
574 420 739 468 gaudeo.

186 498 210 534 3
284 487 461 525 Ocellam
500 485 640 521 vellem
680 483 938 528 haberemus3
977 480 1161 518 videntur
1191 479 1296 517 enim
1337 492 1421 517 esse
1460 480 1593 524 haec5

229 553 347 602 paulo
381 549 551 588 faciliora
571 548 729 596 falum.
802 548 920 584 Nunc
959 545 1120 594 quidem
1159 543 1455 593 aequinoctium
1485 557 1557 581 nos

230 624 401 655 moratur
431 615 539 664 quod
568 614 682 651 valde
713 611 982 662 perturbatum
1015 617 1105 648 erat.
1166 610 1241 648 †Id
1275 608 1307 646 si
1338 612 1446 648 eras†
1475 607 1556 655 erit,

230 681 379 719 utinam
401 680 506 718 idem
528 686 685 716 maneat
709 675 970 714 Hortensius!
1001 674 1033 712 si
1054 674 1227 724 quidem,
1247 679 1291 711 πί
1314 674 1445 712 adhuc
1466 680 1556 719 erat,

230 747 426 786 liberalius
447 759 532 784 esse
552 744 648 782 nihil
670 750 808 793 potest.

186 823 212 860 4
288 815 349 851 De
387 811 603 861 diplomate
651 807 852 846 admiraris
892 806 1003 856 quasi
1042 804 1176 843 nescio
1215 804 1326 842 cuius
1365 811 1402 842 te
1440 803 1560 853 flagiti
1582 818 1620 840 10

231 876 499 916 insimularim.
560 876 691 924 Negas
708 873 812 912 enim
827 880 864 910 te
886 871 1051 921 reperire
1068 870 1135 920 qui
1152 869 1248 907 mihi
1268 869 1308 907 id
1329 869 1369 906 in
1386 876 1559 907 mentem

232 942 389 981 venerit.
450 943 536 990 Ego
564 947 708 984 autem,
742 938 834 987 quia
864 937 1070 986 scripseras
1100 943 1138 973 te
1168 934 1361 984 proficisci
1391 933 1561 983 cogitare

233 1007 395 1058 (etenim
422 1006 623 1044 audieram
652 1002 799 1042 nemini
828 1002 938 1040 aliter
957 1000 1101 1049 licere),
1126 1014 1174 1038 eo
1201 1007 1239 1037 te
1265 1000 1409 1037 habere
1431 1011 1562 1036 cense-

233 1074 323 1111 bam
355 1079 393 1110 et
428 1070 519 1120 quia
550 1068 680 1119 pueris
715 1068 892 1117 diploma
930 1078 1162 1114 sumpseras.
1224 1064 1363 1102 Habes
1402 1076 1560 1100 causam

233 1136 430 1188 opinionis
469 1149 590 1174 meae.
671 1136 721 1171 Et
753 1141 885 1171 tamen
920 1131 1036 1169 velim
1076 1130 1173 1168 scire
1212 1129 1308 1179 quid
1340 1127 1487 1178 cogites
1522 1127 1560 1164 in
1584 1142 1620 1173 15

234 1202 446 1254 primisque
468 1200 498 1238 si
520 1200 616 1250 quid
637 1199 754 1238 etiam
776 1211 882 1236 nunc
903 1197 994 1235 novi
1016 1204 1084 1234 est.
1145 1207 1232 1233 XVII
1257 1196 1307 1232 K.
1332 1196 1418 1232 Iun.

279 1368 438 1405 XVIII
454 1371 520 1402 Ser.
542 1371 574 1400 1¹11
596 1370 748 1400 Cinnano
765 1369 819 1399 xiv
836 1372 894 1398 ant
909 1368 968 1398 xiii
982 1367 1025 1398 K.
1047 1367 1122 1397 Ilm.
1141 1378 1170 1398 a.
1194 1376 1247 1405 705
1266 1365 1351 1407 (49).

647 1463 818 1495 CICERO
841 1462 1022 1493 ATTICO
1046 1461 1152 1493 SAL.

202 1570 218 1596 Ι
290 1555 420 1594 Tullia
454 1567 541 1592 mea
576 1553 725 1604 peperit
760 1565 853 1589 X1111
892 1554 939 1589 K.
977 1553 1063 1589 Iun.
1095 1565 1260 1601 puerum
1293 1552 1563 1601 ἑπταμηνιαῖον.

238 1623 358 1670 Quod
391 1622 588 1669 εὗτόκησεν
618 1620 796 1669 gaudeo:
826 1619 934 1667 quod
969 1617 1130 1666 quidem
1170 1625 1228 1656 est
1262 1626 1396 1655 natum
1429 1615 1567 1666 perim—
1588 1629 1626 1649 20

238 1687 421 1726 becillum
443 1694 510 1724 est.
572 1687 641 1723 Me
666 1684 851 1721 mirificae
878 1683 1177 1732 tranquillitates
1201 1685 1333 1722 adhuc
1359 1688 1567 1721 tenuerunt

237 1760 355 1802 atque
377 1751 512 1789 maiori
542 1750 829 1800 impedimento
859 1750 1015 1787 fuerunt
1045 1763 1163 1799 quarn
1195 1749 1397 1788 custodiae
1425 1748 1567 1798 quibus

237 1819 430 1855 adservor.
491 1817 595 1853 Nam
618 1815 681 1852 illa
713 1814 981 1853 Hortensiana
1010 1815 1144 1853 omnia
1172 1817 1302 1853 †fuere
1324 1814 1486 1852 infantia
1515 1813 1567 1851 ita

240 1883 329 1921 fiet†
364 1883 484 1920 homo
524 1880 787 1930 nequissimus
826 1894 848 1918 a
883 1880 1013 1919 Salvio
1052 1881 1192 1919 liberto
1232 1882 1464 1930 depravatus
1496 1886 1564 1917 est.

241 1948 380 1996 Itaque
413 1948 576 1996 posthac
604 1960 685 1984 non
717 1946 884 1984 scribam
915 1947 965 1984 ad
999 1954 1035 1984 te
1068 1946 1163 1995 quid
1194 1947 1363 1983 facturus
1394 1944 1466 1981 sim
1498 1944 1567 1981 sed
1591 1952 1626 1983 25

288 2060 300 2079 1
328 2051 503 2081 refricatur
523 2052 690 2082 Corradus
793 2060 812 2090 5
836 2051 1035 2081 viderentur
1052 2051 1131 2082 coni.
1150 2049 1348 2088 Oa'elli,sorl.
1369 2052 1441 2078 recle
1550 2048 1571 2077 6

241 2093 351 2124 futura
367 2094 441 2125 add.
462 2096 636 2126 Lehmann
822 2106 838 2133 7
864 2095 896 2125 id
915 2094 1056 2131 Mvuar.
1078 2106 1084 2124 :
1110 2094 1194 2124 Inde
1212 2092 1299 2123 Reid
1392 2102 1465 2121 cras
1488 2090 1568 2124 erit]

241 2137 353 2177 ἀκραὲς
369 2139 434 2168 erit
450 2139 582 2175 Rosius,
600 2140 780 2180 ingeniose:
811 2138 981 2169 transierit
999 2137 1116 2167 Zielaen
1230 2137 1250 2166 8
1275 2135 1319 2171 si]
1338 2145 1403 2174 quo
1421 2133 1572 2165 Sclnm'dt

243 2186 277 2211 ut
294 2180 371 2213 add.
388 2181 578 2223 Malaspina
694 2194 736 2213 20
761 2182 892 2219 gaudeo
912 2181 1050 2211 Vrsinus
1066 2193 1072 2211 ς
1105 2181 1272 2220 gaudeam
1288 2178 1345 2210 M:
1383 2178 1571 2217 gaudebam

244 2224 340 2255 Adam.
357 2237 363 2256 2
400 2231 453 2256 est
469 2227 556 2265 quod
574 2227 738 2266 gaudeam
761 2225 885 2265 Tvrrell
993 2235 1046 2263 23,
1064 2235 1105 2263 24
1130 2224 1266 2254 suerunt
1284 2222 1386 2252 fatua.
1435 2222 1485 2251 Ita
1502 2221 1569 2250 fiet.

243 2268 260 2285 ‘³‘
278 2269 293 2287 ³⁵
311 2269 412 2299 homo
428 2269 514 2299 Reid
527 2271 571 2300 ita
589 2274 625 2300 ut
641 2281 760 2299 nomen
778 2269 924 2299 tabellari
933 2267 1091 2298 Cicerom's
1102 2266 1244 2297 excidem'i
1258 2277 1264 2296 z
1289 2266 1425 2295 suerunt
1439 2264 1570 2294 inania:

245 2313 278 2342 id
297 2313 341 2343 ita
359 2313 414 2343 fit:
442 2314 542 2344 homo
560 2314 638 2344 σοιτί.
661 2313 865 2352 lVesenberg:
898 2312 991 2341 fuere
1016 2311 1130 2341 inania
1154 2310 1253 2341 fidei:
1287 2309 1389 2338 homo
1414 2306 1573 2348 Madwg:

247 2356 381 2386 fuerunt
400 2357 546 2387 infamia.
597 2357 647 2387 Ita
664 2357 716 2386 hic
735 2356 838 2396 (advst
859 2355 958 2385 homo
978 2355 1099 2385 Gm‘lz'lt
