1742 2651
605 154 715 191 EPP.
749 154 826 190 AD
858 153 1115 190 ATTICVM
1415 152 1524 189 XIV.
1544 151 1604 188 xii

234 259 326 294 XII
512 260 581 293 Ser.
601 262 742 292 Puteolis
757 273 781 291 x
796 262 840 292 K.
864 261 946 292 fllaz'.
968 273 996 292 a.
1020 272 1076 300 710
1094 261 1182 302 (44).

597 327 771 357 CICERO
804 327 975 358 ATTICO
1008 327 1107 359 SAL.

245 395 281 433 O
309 393 361 431 mi
384 393 524 439 Attice,
548 407 682 431 vereor
702 408 751 432 ne
779 394 893 432 nobis
916 396 1012 433 Idus
1035 394 1201 432 Martiae
1222 393 1318 431 nihil
1340 393 1520 432 dederint
1541 399 1557 426 Ι

190 467 342 509 praeter
375 458 561 496 laetitiam
593 466 631 496 et
665 458 732 496 odi
767 472 936 508 poenam
974 472 1020 496 ac
1058 459 1215 497 doloris.
1276 460 1390 507 Quae
1424 458 1521 496 mihi

153 535 169 565 5
192 524 294 562 istim
329 525 579 561 adferuntur!
619 536 720 572 quae
749 523 813 561 hic
843 523 981 561 video!
1011 524 1061 560 ’Ὼ
1096 525 1260 574 πράξεως
1295 526 1410 573 καλῆς
1442 525 1520 572 μέν,

191 592 345 629 ἀτελοῦς
382 589 432 626 δέ.
491 588 573 626 Scis
613 602 732 638 quam
776 588 934 638 diligam
981 588 1132 627 Siculos
1177 597 1215 627 et
1254 603 1373 639 quam
1415 589 1520 626 illam

191 653 413 691 clientelam
435 654 642 691 honestam
664 653 846 691 iudicem.
903 655 1032 691 Multa
1053 653 1125 691 illis
1144 654 1288 692 Caesar
1308 667 1437 704 neque
1459 667 1522 692 me

191 718 323 764 invito,
357 718 428 756 etsi
464 718 655 756 Latinitas
685 726 764 756 erat
797 731 877 755 non
908 719 1078 756 ferenda.
1138 720 1284 756 Verum
1321 726 1519 757 tamen—.

192 785 297 821 Ecce
331 791 462 821 autem
493 783 691 821 Antonius
725 790 887 832 accepta
918 783 1055 832 grandi
1085 784 1253 833 pecunia
1284 784 1365 822 fixit
1396 786 1522 833 legem

136 863 172 884 10
190 862 213 886 a
237 849 428 887 dictatore
456 848 624 887 comitiis
652 849 770 886 latam
800 861 877 898 qua
908 848 1027 886 Siculi
1055 848 1158 886 cives
1185 849 1382 897 Romani3
1412 849 1522 887 cuius

191 913 244 952 rei
276 914 364 951 vivo
399 913 465 951 illo
501 913 649 951 mentio
681 915 796 951 nulla.
858 913 999 961 Quid?
1049 914 1224 952 Deiotari
1254 914 1375 952 nostri
1405 928 1523 953 causa

190 993 271 1017 non
297 978 462 1016 similis?
511 978 664 1028 Dignus
692 978 755 1016 ille
782 978 943 1028 quidem
971 978 1080 1016 omni
1105 992 1225 1028 regno
1252 981 1320 1018 sed
1348 993 1429 1017 non
1453 994 1522 1029 per

192 1043 380 1082 Fulviam.
440 1045 627 1082 Sescenta
656 1042 806 1081 similia.
859 1045 1006 1081 Verum
1037 1043 1128 1082 illuc
1157 1058 1212 1081 me
1236 1046 1369 1083 refero.
1420 1047 1521 1082 Tam

190 1111 334 1147 claram
351 1116 511 1158 tamque
532 1116 711 1146 testatam
734 1122 813 1146 rem
832 1116 991 1158 tamque
1012 1108 1152 1147 iustam
1172 1110 1418 1148 Buthrotiam
1441 1123 1521 1148 non

134 1189 169 1220 ¹5
191 1174 414 1213 tenebimus
444 1173 575 1223 aliqua
604 1187 650 1211 ex
677 1175 815 1223 parte?
854 1181 892 1212 et
919 1186 966 1211 eo
994 1173 1154 1223 quidem
1186 1175 1307 1224 magis
1340 1188 1419 1225 quo
1450 1175 1521 1213 iste

190 1242 329 1290 plura?

247 1306 468 1344 Nobiscum
490 1305 554 1343 hic
571 1303 857 1355 perhonorifice
874 1311 911 1342 et
928 1304 1123 1354 peramice
1138 1305 1336 1344 Octavius.
1389 1307 1519 1354 Quem
1540 1318 1565 1345 2

191 1372 353 1422 quidem
382 1371 440 1408 sui
467 1372 676 1409 Caesarem
707 1369 939 1415 salutabant,
965 1369 1169 1420 Philippus
1197 1384 1291 1418 non,
1312 1370 1444 1420 itaque
1473 1385 1521 1409 ne

191 1451 263 1475 nos
299 1437 486 1487 quidem;
528 1449 646 1484 quem
686 1448 787 1484 nego
826 1448 942 1484 posse
973 1449 1046 1472 esse
1079 1435 1229 1473 bonum
1264 1436 1400 1474 civem.
1462 1438 1522 1474 Ita

136 1520 175 1541 20
192 1502 304 1540 multi
334 1502 587 1539 circumstant
615 1499 681 1549 qui
712 1499 874 1549 quidem
908 1499 1050 1538 nostris
1082 1508 1249 1539 mortem
1280 1500 1519 1540 minitantur.

192 1569 348 1617 Negant
376 1568 472 1604 haec
503 1566 589 1604 ferri
614 1578 740 1615 posse.
801 1566 909 1613 Quid
939 1578 1076 1603 censes
1106 1579 1196 1603 cum
1226 1568 1397 1603 Romam
1428 1579 1523 1616 puer

191 1633 338 1671 venerit
369 1632 435 1670 ubi
466 1631 587 1669 nostri
617 1630 842 1668 liberatores
873 1630 945 1668 tuti
975 1644 1060 1668 esse
1090 1644 1169 1668 non
1198 1633 1392 1680 possunt?
1443 1631 1526 1679 Qm'

190 1698 351 1748 quidem
381 1711 535 1747 semper
561 1704 673 1734 erunt
695 1695 796 1742 clari,
821 1695 1063 1733 conscientia
1083 1709 1174 1733 vero
1201 1696 1293 1734 facti
1317 1695 1376 1733 sui
1403 1696 1520 1733 etiam

191 1763 307 1801 beati.
367 1764 445 1801 Sed
483 1776 566 1809 nOS,
600 1761 674 1799 nisi
714 1774 777 1798 me
815 1760 922 1806 fallit,
956 1760 1185 1798 iacebimus.
1245 1763 1385 1811 Itaque
1419 1761 1521 1799 exire

133 1841 169 1871 25
189 1842 288 1866 aveo
315 1827 406 1866 ‘ubi
436 1841 509 1865 nec
539 1826 841 1876 I'elopidaruni‚'
871 1825 1010 1875 inquit.
1070 1827 1193 1864 Haud
1231 1839 1322 1863 amo
1354 1828 1413 1864 vel
1449 1828 1521 1864 hos

190 1893 415 1943 designatos
445 1892 512 1942 qui
539 1892 656 1930 etiam
685 1892 905 1929 declamare
932 1905 995 1929 me
1025 1899 1250 1941 coegerunt,
1271 1899 1312 1928 ut
1336 1905 1386 1929 ne
1415 1893 1521 1941 apud

0 1932 6 1998 i
189 1972 311 2008 aquas
338 1958 500 2008 quidem
530 1956 779 2006 acquiescere
810 1956 952 1994 liceret.
1013 1957 1091 1994 Sed
1123 1957 1199 1994 hoc
1235 1970 1345 1994 meae
1377 1956 1521 1994 nimiae

0 1999 8 2083 i
190 2023 397 2061 facilitatis.
460 2024 563 2059 Nam
603 2021 643 2059 id
683 2029 763 2059 erat
802 2023 1005 2071 quondam
1045 2021 1156 2071 quasi
1196 2035 1366 2068 necesse,
1402 2035 1521 2069 nunc,

190 2102 353 2139 quoquo
383 2089 504 2126 niodo
529 2100 569 2124 se
599 2099 657 2124 res
688 2086 817 2132 habet,
845 2100 925 2124 non
955 2094 1013 2124 est
1043 2086 1150 2124 item.

234 2205 252 2232 4
278 2199 310 2223 et
328 2193 383 2223 odi
400 2191 559 2232 poenam]
579 2191 670 2220 taedi
695 2201 837 2230 poenam
863 2190 1015 2230 Wffllfflin,
1036 2191 1094 2221 sed
1113 2191 1266 2222 vocabulo
1286 2192 1431 2222 taedium
1454 2203 1520 2222 non

191 2238 296 2267 utitur
306 2237 409 2267 Cicero
425 2235 515 2275 qnod
525 2235 625 2264 sciam
763 2244 798 2273 13
826 2245 877 2264 me
892 2236 1003 2265 refero
1021 2234 1228 2275 ll⁷ese11be1g2
1252 2247 1317 2266 om.
1340 2247 1391 2265 me
1409 2235 1495 2266 codd.
1510 2248 1517 2267 ε

192 2281 323 2310 referor
338 2275 385 2309 Zb
402 2292 408 2310 :
433 2283 588 2309 revertor
605 2276 689 2307 Reid
800 2288 835 2316 15
861 2280 923 2309 iste
939 2279 1014 2310 l'z'ct.
1031 2291 1037 2309 :
1063 2280 1126 2309 ista
1144 2278 1186 2309 M
1289 2290 1324 2318 17
1350 2280 1518 2318 pei-amice

192 2320 375 2354 COERZ‘:
410 2323 516 2353 amice
536 2327 564 2351 Δ
679 2322 718 2350 18
742 2331 810 2351 non
828 2322 906 2352 item
924 2322 1034 2352 Moser
1146 2333 1185 2362 19
1209 2333 1284 2353 esse
1301 2323 1377 2353 mid.
1394 2323 1515 2353 Lamb.

191 2378 228 2397 21
256 2372 382 2405 negant
400 2362 456 2395 ΖΜ
474 2377 501 2396 v.
521 2376 544 2396 c,
566 2364 593 2394 L
613 2365 752 2405 (marg.)
770 2377 777 2395 ε
801 2371 903 2404 negat
921 2366 961 2395 M
1048 2366 1120 2396 fieri
1138 2377 1166 2396 v.
1185 2377 1207 2397 c.
1226 2364 1267 2396 Z'
1382 2377 1422 2396 22
1447 2371 1518 2396 tuto

191 2411 289 2440 Klotz
349 2410 415 2448 Qui
433 2409 509 2440 add.
528 2412 596 2439 vett.
738 2418 778 2446 25
804 2408 913 2448 inquit
929 2410 999 2439 sine
1013 2420 1102 2439 cruce
1116 2409 1185 2440 edd.
1202 2410 1354 2450 plez-[qam.
1376 2412 1412 2449 cs}
1436 2409 1521 2440 Reid

190 2455 223 2485 in
244 2453 486 2485 ‘Hermathena
500 2454 506 2464 ’
526 2452 644 2492 (1901)
658 2457 690 2492 p.
711 2461 792 2490 253:
819 2463 895 2482 cnm
911 2464 998 2483 cruce
1014 2451 1136 2483 Mz'illa’r
