1742 2651
133 522 150 553 5

115 847 154 868 10

116 1174 150 1205 15

113 1635 152 1657 20

111 2285 150 2316 30

590 136 701 173 EPP.
736 135 813 171 AD
844 133 1105 171 ATTICYM
1366 132 1485 168 XIII.
1510 129 1634 166 xxvii

174 248 261 285 set?
301 245 412 284 Totis
434 245 547 295 igitur
568 245 703 283 litteris
724 245 821 282 nihil
842 257 941 294 opus
962 251 1030 282 est.
1075 242 1154 280 Vbi
1175 242 1280 280 enim
1304 243 1504 294 ἐπίτευγμα

174 325 360 361 magnum
392 313 542 349 nullum
577 311 657 349 fieri
692 310 824 360 possit,
860 311 1074 361 ἀπότευγμα
1107 309 1168 346 vel
1200 321 1281 345 non
1317 320 1503 357 magnum

173 378 383 415 molestum
405 378 577 415 futurum
606 377 668 423 sit,
689 376 784 426 quid
812 389 911 425 opus
939 382 997 413 est
1022 374 1370 424 παρακινδυνεύεινΡ
1399 386 1504 422 prae-

173 442 305 479 sertim
327 456 416 479 cum
437 442 534 480 illud
555 449 743 488 occurrat,
766 441 887 487 illum,
905 453 996 478 cum
1017 447 1133 477 antea
1153 438 1250 476 nihil
1271 437 1501 488 scripserim,

172 506 482 544 existimaturum
504 520 567 544 me
591 506 665 544 nisi
692 513 776 544 toto
804 506 908 543 bello
935 506 1117 543 confecto
1145 503 1242 541 nihil
1270 502 1504 552 scripturum

172 570 300 609 fuisse.
360 573 492 621 Atque
519 571 636 609 etiam
658 584 793 609 vereor
813 584 863 608 ne
883 577 994 620 putet
1018 583 1081 608 me
1109 570 1185 607 hoc
1207 567 1318 618 quasi
1340 566 1503 606 Catonis

171 638 351 688 μείλιγμα
371 650 455 675 esse
476 636 656 674 voluisse.
717 635 826 684 Quid
848 635 1030 684 quaeris?
1059 635 1173 672 valde
1194 647 1257 672 me
1277 632 1503 682 paenitebat

173 716 245 740 nec
268 702 362 739 mihi
384 702 422 739 in
444 703 517 739 hac
539 701 699 751 quidem
728 714 767 738 re
794 700 1007 750 quicquam
1036 699 1158 749 magis
1180 706 1221 736 ut
1242 699 1381 736 vellem
1406 696 1505 734 acci-

173 769 265 805 dere
286 767 413 817 potuit
433 781 551 817 quam
574 767 682 816 quod
707 767 851 815 σπουδὴ
872 774 1004 803 nostra
1024 778 1105 802 non
1126 772 1184 802 est
1204 763 1379 813 probata.
1443 764 1504 799 In-

173 832 404 870 cidissemus
425 832 543 870 etiam
564 832 603 869 in
625 832 722 879 illos,
746 832 784 869 in
807 832 860 869 eis
882 831 921 868 in
942 838 1155 880 cognatum
1175 837 1298 867 tuum.

227 899 304 936 Sed
326 899 444 936 redeo
464 899 514 935 ad
542 899 687 935 hortos.
750 899 870 934 Plane
897 896 988 933 illuc
1013 904 1050 933 te
1077 895 1131 933 ire
1161 894 1235 932 nisi
1263 902 1332 931 tuo
1360 906 1503 942 magno
1525 905 1548 932 2

173 964 387 1000 commodo
414 964 533 1003 nolo:
562 962 659 1000 nihil
690 962 794 1001 enim
826 969 945 1011 urget.
1006 959 1211 1010 Quicquid
1237 959 1318 1005 erit,
1342 971 1502 1008 operam

172 1029 212 1065 in
248 1028 414 1066 Faberio
452 1042 657 1078 ponamus.
720 1030 781 1066 De
820 1027 884 1066 die
923 1035 1055 1065 tamen
1093 1024 1299 1071 auctionis,
1337 1024 1367 1061 si
1407 1023 1503 1073 quid

172 1093 280 1130 scies.
343 1095 445 1130 Eum
474 1093 541 1142 qui
568 1107 589 1131 e
620 1094 804 1132 Cumano
831 1099 1000 1137 venerat,
1024 1091 1133 1140 quod
1163 1097 1200 1128 et
1231 1090 1346 1139 plane
1376 1089 1503 1126 valere

172 1157 344 1195 Atticam
382 1157 587 1196 nuntiabat
622 1165 659 1196 et
691 1157 836 1196 litteras
872 1170 912 1194 se
944 1156 1089 1194 habere
1118 1154 1258 1200 aiebat,
1291 1152 1421 1191 statim
1451 1154 1502 1190 ad

172 1231 208 1260 te
235 1223 332 1261 misi.

214 1370 418 1406 XXVIII
464 1374 534 1405 Ser.
553 1375 586 1404 in
609 1373 793 1404 Tusculano
810 1372 855 1403 vii
868 1371 910 1404 K.
931 1371 1006 1402 Iun.
1028 1381 1058 1401 a.
1081 1380 1139 1410 709
1159 1369 1241 1411 (45).

575 1460 745 1493 CICERO
774 1459 955 1491 ATTICO
991 1458 1097 1489 SAL.

228 1554 378 1591 Hortos
406 1552 595 1602 quoniam
622 1551 742 1590 hodie
770 1564 853 1589 eras
874 1549 1132 1598 inspecturus,
1156 1547 1252 1597 quid
1278 1546 1405 1584 visum
1433 1544 1503 1584 tibi
1522 1556 1540 1584 1

172 1618 219 1655 sit
254 1632 337 1656 cras
377 1618 534 1656 scilicet.
596 1620 657 1655 De
692 1616 858 1654 Faberio
896 1623 1040 1660 autem,
1077 1626 1169 1651 cum
1208 1612 1366 1650 venerit.
1443 1613 1547 1650 De2

171 1684 337 1735 epistula
358 1687 408 1723 ad
430 1686 650 1731 Caesarem,
674 1684 800 1722 iurato
831 1683 926 1721 mihi
955 1683 1082 1728 crede,
1105 1694 1186 1718 non
1214 1694 1401 1731 possum,
1431 1694 1504 1718 nec

171 1764 234 1788 me
261 1749 464 1800 turpitudo
491 1751 673 1796 deterret,
693 1748 764 1787 etsi
795 1747 963 1785 maxime
994 1746 1176 1785 debebat.
1237 1746 1369 1794 Quam
1397 1745 1502 1783 enim

171 1815 293 1864 turpis
328 1823 384 1852 est
418 1813 652 1860 adsentatio,
686 1827 776 1851 cum
811 1812 939 1850 vivere
971 1811 1100 1861 ipsum
1133 1818 1245 1860 turpe
1279 1810 1327 1848 sit
1361 1809 1502 1848 nobis!

171 1881 261 1927 Sed,
295 1888 337 1918 ut
371 1879 494 1929 coepi,
530 1893 610 1917 non
650 1893 712 1917 me
750 1880 827 1917 hoc
866 1885 979 1927 turpe
1018 1878 1196 1915 deterret.
1270 1877 1329 1913 Ac
1362 1876 1501 1913 vellem

171 1945 332 1994 quidem
364 1945 507 1992 (essem
540 1944 644 1983 enim
675 1943 742 1993 qui
776 1957 861 1981 esse
892 1941 1122 1991 debebam),
1152 1941 1221 1979 sed
1256 1940 1295 1977 in
1327 1947 1500 1978 mentem

171 2010 267 2048 nihil
306 2011 421 2049 venit.
494 2011 597 2048 Nam
633 2023 733 2059 quae
772 2016 862 2047 sunt
900 2009 951 2046 ad
985 2008 1255 2045 Alexandrum
1294 2005 1501 2043 hominum

170 2075 440 2125 eloquentium
471 2082 508 2113 et
539 2076 746 2113 doctorum
778 2073 979 2111 suasiones
1007 2071 1116 2110 vides
1144 2071 1288 2121 quibus
1317 2069 1357 2107 in
1386 2070 1502 2108 rebus

170 2149 380 2179 versentur.
446 2141 755 2178 Adulescentem
790 2139 997 2177 incensum
1032 2136 1248 2186 cupiditate
1279 2135 1503 2174 verissimae

169 2206 324 2255 gloriae,
347 2206 572 2256 cupientem
598 2204 671 2243 sibi
697 2204 846 2254 aliquid
874 2203 1012 2242 consili
1033 2201 1117 2240 dari
1142 2202 1251 2251 quod
1271 2202 1321 2239 ad
1343 2201 1501 2238 laudem

170 2271 448 2321 sempiternam
483 2272 638 2317 valeret,
671 2271 925 2307 cohortantur
963 2268 1013 2306 ad
1053 2268 1186 2305 decus.
1257 2267 1351 2303 Non
1391 2266 1501 2303 deest

214 2388 231 2416 7
257 2382 330 2407 ante
353 2377 452 2408 valde
477 2376 553 2407 add.
587 2387 654 2406 non
683 2375 812 2406 Schiche
964 2384 1001 2403 10
1027 2374 1060 2403 in
1092 2373 1182 2410 (ante
1207 2369 1404 2410 cognatum)
1432 2367 1500 2399 secl.

175 2421 362 2461 Wesenbeag
473 2431 509 2459 13
534 2420 566 2449 in
586 2419 612 2449 L
633 2420 775 2460 (manga)
793 2418 908 2449 codices
925 2417 1026 2448 Bosi:
1050 2427 1116 2446 om.
1136 2414 1224 2446 codd.
1336 2423 1373 2452 14
1400 2409 1502 2453 Eum]

172 2465 308 2496 Erotem
326 2464 449 2495 Sclzz'itz
