1742 2651
86 100 190 141 XIV.
211 103 255 140 xi
602 106 657 142 M.
690 105 857 142 TVLLI
890 105 1198 144 CICERONIS

274 233 341 269 XI
543 236 612 269 Ser.
635 238 666 268 in
686 238 840 269 Cumano
856 237 893 268 xi
906 237 948 267 K.
969 237 1051 269 Asai.
1071 249 1100 269 a.
1126 249 1183 278 710
1201 238 1289 280 (44).

638 325 813 356 CICERO
848 325 1022 356 ATTICO
1057 325 1154 357 SAL.

286 415 442 454 Nudius
478 415 612 453 tertius
652 415 744 454 dedi
778 417 829 454 ad
861 423 898 454 te
931 416 1138 466 epistulam
1173 417 1414 466 longiorem3
1455 431 1561 456 nunc

229 481 280 518 ad
310 494 355 518 ea
385 494 485 530 quae
516 480 702 530 proxime.
762 482 891 519 Velim
924 495 986 519 me
1016 482 1174 519 hercule
1204 485 1370 521 Asturae
1403 484 1558 521 Brutus.

229 545 458 583 Ἀκολασίαν
478 545 641 583 istorum
670 546 816 584 scribis.
876 549 940 583 An
968 546 1157 584 censebas
1184 547 1323 585 aliter?
1362 547 1560 597 Equidem

229 610 346 648 etiam
374 610 521 649 maiora
548 619 743 661 exspecto.
806 612 939 659 Quom
970 609 1189 664 [equidem]
1218 612 1446 650 contionem
1474 615 1561 663 lego

231 677 302 714 ‘de
335 684 443 714 tanto
473 676 565 721 viro,
596 678 646 714 de
679 676 894 714 clarissimo
929 676 1026 723 civi‚⁷
1054 678 1151 714 ferre
1185 690 1266 714 non
1301 691 1414 726 queo.
1476 678 1560 716 Etsi

227 739 301 778 ista
331 740 407 778 iam
442 742 493 779 ad
527 741 660 778 risum.
719 742 796 779 Sed
832 749 1046 789 memento,
1077 741 1132 779 sic
1166 741 1280 779 alitur
1311 744 1559 781 consuetudo

226 806 466 856 perditarum
488 806 719 843 contionum
742 814 783 843 ut
804 806 925 843 nostri
948 806 1001 843 illi
1024 819 1104 844 non
1126 807 1265 844 heroes
1290 808 1359 845 sed
1380 807 1420 845 di
1441 807 1558 845 futuri

226 870 387 920 quidem
415 871 454 908 in
481 871 602 921 gloria
630 872 867 921 sempiterna
894 871 982 919 sint,
1010 872 1080 909 sed
1108 885 1188 909 non
1217 871 1300 910 sine
1327 871 1484 919 invidia,
1508 885 1558 910 ne

226 935 309 974 sine
336 936 509 985 periculo
534 936 709 986 quidem.
767 938 915 974 Verum
946 936 1020 973 illis
1052 950 1194 986 magna
1223 936 1441 975 consolatio
1468 951 1559 975 con-

226 1001 389 1039 scientia
418 1001 575 1039 maximi
607 1009 644 1039 et
675 1001 875 1039 clarissimi
909 1001 1013 1043 facti,
1042 1001 1157 1039 nobis
1188 1003 1318 1051 quae?
1352 1001 1418 1051 qui
1446 1001 1559 1040 inter-

226 1067 329 1104 fecto
363 1080 451 1116 rege
485 1066 595 1105 liberi
631 1080 711 1104 non
752 1080 897 1104 sumus.
967 1067 1045 1105 Sed
1085 1067 1182 1104 haec
1217 1068 1372 1104 fortuna
1406 1066 1558 1115 viderit,

225 1132 412 1181 quoniam
443 1132 541 1170 ratio
571 1146 651 1170 non
681 1132 884 1182 gubernat.

280 1199 341 1235 De
363 1197 555 1237 Cicerone
577 1211 677 1246 quae
706 1196 841 1235 scribis
870 1197 1042 1235 iucunda
1071 1196 1166 1234 mihi
1194 1204 1284 1235 sunt
1299 1212 1309 1244 ς
1338 1197 1454 1235 velim
1479 1198 1556 1236 sint
1599 1213 1612 1244 ζ

223 1276 417 1313 prospera.
479 1264 600 1312 Quod
629 1276 744 1301 curae
772 1262 841 1301 tibi
871 1270 928 1301 est
950 1271 991 1300 ut
1012 1262 1047 1300 ei
1076 1263 1349 1313 suppeditetur
1367 1264 1419 1301 ad
1440 1277 1554 1301 usum

222 1336 259 1366 et
286 1331 435 1367 cultum
466 1329 627 1378 copiose
656 1342 724 1378 per
755 1327 849 1365 mihi
877 1336 1029 1378 gratum
1058 1336 1126 1374 est,
1155 1328 1274 1378 idque
1302 1337 1343 1366 ut
1370 1329 1487 1367 facias
1517 1336 1555 1367 te

221 1394 338 1432 etiam
361 1401 471 1443 alque
495 1396 608 1431 etiam
634 1407 738 1443 rogo.
804 1395 864 1431 De
899 1393 1114 1431 Buthrotiis
1143 1401 1180 1431 et
1208 1402 1249 1431 tu
1277 1402 1381 1432 recte
1408 1394 1555 1444 cogitas

220 1467 258 1497 et
279 1474 351 1509 ego
378 1474 457 1498 non
480 1459 637 1498 dimitto
665 1459 778 1496 istam
807 1472 953 1496 curam.
1013 1458 1231 1508 Suscipiam
1254 1472 1414 1497 omnem
1436 1459 1552 1497 etiam

218 1525 415 1563 actionem
455 1539 573 1575 quam
614 1524 730 1562 video
769 1523 914 1562 cotidie
954 1523 1181 1562 faciliorem.
1245 1526 1306 1562 De
1346 1524 1553 1572 Cluviano‚

219 1591 406 1640 quoniam
447 1590 486 1628 in
526 1604 565 1628 re
605 1603 692 1628 mea
733 1603 795 1627 me
835 1589 963 1639 ipsum
1005 1589 1206 1638 diligentia
1237 1589 1370 1635 vincis,
1405 1603 1464 1627 res
1502 1591 1553 1627 ad

219 1664 385 1694 centena
406 1655 643 1706 perducitur.
706 1655 837 1692 Ruina
859 1668 939 1692 rem
963 1668 1044 1692 non
1065 1654 1156 1692 fecit
1177 1654 1421 1700 deteriorem,
1446 1656 1552 1693 haud

218 1722 300 1760 scio
320 1736 369 1760 an
391 1721 508 1759 etiam
531 1720 841 1758 fructuosiorem.

274 1787 353 1825 Hic
384 1800 539 1825 mecum
570 1787 731 1833 Balbus,
759 1786 923 1833 Hirtius,
950 1788 1086 1824 Pansa.
1149 1787 1276 1824 Modo
1303 1785 1409 1823 venit
1436 1786 1551 1824 Octa-

218 1853 301 1891 vius
336 1861 373 1891 et
405 1852 566 1902 quidem
608 1851 646 1889 in
684 1851 901 1901 proximam
937 1851 1068 1890 villam
1105 1850 1276 1901 Philippi
1316 1850 1410 1888 mihi
1445 1857 1549 1888 totus

217 1918 388 1956 deditus.
446 1918 637 1955 Lentulus
678 1916 863 1967 Spinther
893 1916 1012 1956 hodie
1043 1918 1149 1967 apud
1182 1930 1270 1963 me3
1316 1929 1399 1954 cras
1434 1929 1550 1952 mane

217 1983 335 2022 vadit.

259 2090 280 2118 6
304 2089 410 2127 Quom
440 2093 506 2120 vcll.
527 2102 534 2120 :
575 2091 655 2128 quin
681 2088 722 2118 Μ
809 2087 965 2127 equidem
991 2088 1060 2118 secl.
1091 2086 1279 2126 chseubcrg
1414 2096 1452 2115 10
1471 2086 1548 2115 sine

216 2133 340 2162 invidia
357 2143 398 2162 ne
419 2128 475 2162 ΖΜ
498 2134 547 2173 ref.
575 2133 717 2163 Tumiebt'
736 2131 959 2162 ‘Adversaria
973 2130 979 2142 ’
1003 2131 1074 2162 xiii.
1099 2132 1132 2169 53
1151 2130 1180 2159 L
1197 2130 1339 2170 (maag.)
1359 2140 1386 2159 v.
1408 2140 1429 2159 c.
1446 2140 1452 2158 z
1481 2139 1543 2158 0111.

217 2180 270 2206 ΣΔ
394 2188 431 2215 14
457 2178 543 2207 ratio
564 2188 629 2207 non
649 2180 671 2207 Σ
688 2189 695 2207 ι
720 2176 852 2206 ratione
870 2181 897 2205 Δ
1034 2176 1073 2205 16
1097 2185 1198 2204 curae
1218 2174 1291 2203 l'z'ct.
1311 2184 1318 2202 ε
1342 2183 1422 2202 vere
1440 2168 1522 2201 ΜΖ(
1541 2184 1548 2202 :

216 2230 295 2250 vero
313 2231 413 2250 curae
432 2221 531 2252 Rom.
708 2221 746 2250 18
769 2224 869 2257 atque
888 2219 989 2249 ctiam
1007 2217 1083 2249 add.
1107 2217 1208 2248 Orelli
1367 2226 1408 2245 22
1435 2216 1548 2245 Ruina

221 2262 295 2295 Vict.
313 2275 318 2293 :
350 2275 414 2294 una
433 2263 473 2293 M
631 2273 673 2302 23
698 2263 799 2293 etiam
820 2263 939 2294 Lamb.
956 2274 962 2293 :
996 2262 1060 2292 iam
1079 2261 1121 2291 M
1279 2261 1321 2290 26
1345 2259 1480 2290 deditus
1496 2263 1548 2289 est

215 2308 295 2340 coni.
318 2307 419 2341 Orelli
548 2318 600 2337 me
617 2317 682 2337 om.
704 2307 761 2337 M¹

1581 559 1597 589 5

1581 886 1620 909 10

1576 1539 1616 1560 20

1572 1865 1609 1896 ²5
