1742 2651
127 141 237 178 XVI.
256 140 374 177 xviD
643 140 699 177 M.
731 139 900 177 TVLLI
930 139 1237 178 CICERONIS

926 270 974 306 D.

642 354 711 386 Sc».
730 354 839 385 codem
857 358 997 395 tempore
1011 365 1076 394 qno
1091 358 1135 394 ep.
1156 356 1196 385 16
1215 354 1250 386 C.

645 432 822 463 CICERO
853 433 890 463 C.
927 431 1185 463 CVPIENNIO
1218 432 1253 464 S.

218 521 262 558 14
335 510 490 548 Patrem
522 518 633 548 tuum
669 510 826 560 plurimi
858 510 932 548 feci
960 523 1104 559 meque
1131 509 1196 547 ille
1231 509 1393 547 mirifice
1422 516 1460 548 et
1492 509 1613 548 coluit

281 582 319 612 et
343 575 514 623 amavit3
544 589 617 613 nec
645 589 708 613 me
729 576 888 613 hercule
908 588 1098 624 umquam
1120 574 1216 611 mihi
1237 574 1403 612 dubium
1425 574 1496 612 fuit
1516 574 1613 624 quin
1634 589 1650 619 5

279 654 301 678 a
324 649 361 678 te
383 640 584 690 diligerer3
614 653 687 689 ego
707 639 869 689 quidem
890 639 930 678 id
951 640 1078 677 facere
1104 653 1185 677 non
1206 638 1348 677 destiti.
1408 640 1539 688 Quam
1562 639 1614 677 ob

281 719 363 743 rem
388 713 481 755 peto
506 719 529 743 a
550 713 588 743 te
615 705 654 742 in
682 705 871 743 maiorem
898 706 1063 742 modum
1084 712 1127 742 ut
1147 704 1343 742 civitatem
1366 704 1614 742 Buthrotiam

281 772 461 808 subleves
486 771 769 820 decretumque
798 771 1006 808 consulum
1028 770 1137 819 quod
1158 769 1183 806 ii
1209 770 1427 807 secundum
1450 770 1616 807 Buthro-

281 835 356 873 tios
390 837 576 882 fecerunt,
611 848 702 872 cum
737 842 775 873 et
809 836 894 884 lege
932 841 971 872 et
1005 841 1162 872 senatus
1201 835 1382 872 consulto
1417 833 1616 872 statuendi

281 909 517 950 potestatem
548 900 748 946 haberent,
775 901 846 938 des
876 913 1036 949 operam
1067 907 1108 937 ut
1137 900 1305 937 Plancus
1335 907 1467 937 noster
1496 913 1615 949 quam
1639 916 1676 938 πο

281 966 451 1015 primum
482 967 689 1004 confirmet
715 973 753 1004 et
780 965 1023 1015 comprobet.
1084 966 1178 1003 Hoc
1208 972 1246 1003 te
1272 965 1536 1012 vehementer,
1563 965 1616 1003 nii

281 1030 492 1080 Cupienni,
515 1031 633 1070 etiam
658 1038 777 1081 atque
802 1030 921 1069 etiam
946 1043 1051 1079 rogO.

923 1183 967 1220 E.

780 1269 849 1300 Scr.
864 1273 939 1310 post
953 1274 997 1309 ep.
1019 1270 1057 1299 16
1073 1269 1114 1300 Β.

550 1346 727 1378 CICERO
760 1346 947 1377 PLANCO
978 1346 1140 1376 PRAET.
1177 1345 1276 1377 DES.
1314 1345 1348 1377 S.
1640 1350 1676 1382 15

217 1433 260 1471 15
336 1427 504 1475 Ignosce
525 1425 621 1463 mihi
643 1426 762 1474 quod,
778 1438 868 1462 cum
889 1432 1004 1462 antea
1023 1424 1315 1463 accuratissime
1331 1426 1381 1462 de
1400 1424 1614 1463 Buthrotiis

278 1492 330 1528 ad
347 1498 385 1528 te
406 1490 636 1539 scripserim,
656 1491 795 1527 eadem
813 1491 863 1527 de
880 1503 918 1527 re
935 1488 1090 1538 saepius
1111 1489 1292 1527 scribam.
1343 1491 1436 1528 Non
1453 1503 1516 1528 me
1532 1491 1615 1528 her-

279 1557 380 1603 cule,
406 1555 458 1592 mi
488 1556 642 1601 Plance,
667 1555 767 1592 facio
794 1568 874 1603 quo
903 1568 1040 1603 parum
1072 1555 1270 1593 confidam
1300 1562 1367 1592 aut
1393 1555 1614 1593 liberalitati

280 1629 370 1659 tuae
396 1628 462 1658 aut
491 1628 647 1657 nostrae
673 1619 867 1657 amicitiae
894 1620 976 1665 sed,
999 1633 1090 1657 cum
1118 1628 1226 1658 tanta
1253 1634 1312 1659 res
1338 1629 1473 1671 agatur
1494 1621 1615 1659 Attici

281 1685 414 1732 nostri,
449 1698 554 1722 nunc
589 1698 680 1722 vero
719 1684 836 1722 etiam
870 1683 1115 1730 existimatio,
1150 1693 1190 1723 ut
1226 1685 1264 1723 id
1294 1687 1403 1735 quod
1437 1687 1616 1736 probavit
1639 1704 1677 1725 20

281 1751 426 1789 Caesar
455 1749 570 1787 nobis
603 1748 767 1786 testibus
803 1756 840 1786 et
871 1748 1188 1797 obsignatoribus
1219 1750 1286 1800 qui
1316 1759 1354 1789 et
1382 1751 1548 1789 decretis
1578 1759 1616 1790 et

281 1815 478 1865 responsis
500 1814 678 1854 Caesaris
703 1813 1001 1851 interfueramus
1025 1814 1201 1853 videatur
1221 1816 1399 1854 obtinere
1428 1817 1616 1866 potuisse,

281 1880 507 1931 praesertim
540 1893 630 1917 cum
663 1887 746 1917 tota
780 1887 952 1929 potestas
988 1880 1071 1917 eius
1103 1880 1156 1917 rei
1187 1889 1252 1918 tua
1282 1881 1340 1927 sit,
1370 1889 1411 1919 ut
1441 1895 1486 1920 ea
1516 1896 1617 1932 quae

282 1947 465 1984 consules
485 1946 743 1983 decreverunt
764 1946 983 1982 secundum
1003 1945 1180 1983 Caesaris
1200 1947 1357 1984 decreta
1377 1955 1414 1984 et
1430 1961 1618 1997 responsa

283 2026 363 2050 non
384 2011 514 2050 dicam
536 2012 771 2061 comprobes
799 2013 868 2049 sed
895 2011 1070 2050 studiose
1097 2012 1341 2061 libenterque
1368 2013 1613 2062 comprobes
1638 2028 1676 2058 25

216 2076 263 2113 16
286 2078 334 2114 Id
355 2076 450 2114 mihi
472 2076 527 2114 sic
547 2076 617 2114 erit
638 2084 789 2126 gratum
812 2084 854 2114 ut
874 2078 981 2114 nulla
1001 2090 1059 2114 res
1080 2076 1222 2126 gratior
1242 2090 1326 2115 esse
1343 2077 1475 2126 possit.
1533 2077 1616 2114 Etsi

283 2142 360 2180 iam
388 2143 604 2192 sperabam,
629 2156 719 2180 cum
747 2144 817 2180 has
844 2142 988 2180 litteras
1015 2143 1246 2192 accepisses,
1267 2144 1348 2181 fore
1375 2150 1416 2180 ut
1443 2157 1488 2181 ea
1516 2157 1617 2193 quae

283 2208 547 2257 superioribus
575 2208 710 2246 litteris
734 2221 757 2245 a
778 2215 815 2245 te
835 2207 1068 2257 petissemus
1089 2208 1294 2258 impetrata
1320 2216 1461 2255 essent,
1484 2216 1616 2246 tamen

284 2286 365 2310 non
393 2272 531 2310 faciam
561 2273 679 2310 finem
707 2272 870 2322 rogandi
890 2273 1023 2322 quoad
1044 2272 1158 2311 nobis
1183 2272 1405 2311 nuntiatum
1427 2272 1497 2310 erit
1518 2280 1555 2311 te
1576 2273 1616 2310 id

287 2337 424 2376 fecisse
454 2338 562 2387 quod
593 2351 733 2387 magna
761 2351 852 2375 cum
882 2351 951 2387 spe
980 2345 1261 2387 exspectamus.
1328 2337 1484 2376 Deinde
1511 2338 1615 2376 enim
1637 2351 1679 2381 30

612 2451 647 2472 11
675 2441 869 2481 comprobet
888 2441 916 2472 C
928 2452 956 2473 v.
969 2452 993 2473 c.
1013 2452 1020 2472 ε
1046 2441 1166 2481 probet
1183 2441 1284 2473 Rom.
1301 2441 1322 2472 I
