1742 2651
41 105 160 142 XIII.
180 106 318 142 xxviii
553 109 608 145 M.
641 109 809 145 TVLLI
843 109 1149 147 CICERONIS

193 221 341 267 orati03
375 235 448 271 ego
478 222 573 271 quid
604 223 798 271 possum?
854 222 1007 259 Tamen
1039 221 1173 260 nescio
1203 222 1298 272 quid
1327 236 1349 260 e
1375 236 1521 272 quercu

193 289 479 336 exsculpseram
506 288 613 336 quod
642 287 836 324 videretur
865 286 990 324 simile
1021 286 1226 325 simulacri.
1288 289 1335 325 In
1363 301 1410 325 eo
1431 288 1522 337 quia

193 365 273 389 non
304 353 411 389 nulla
437 359 545 389 erant
574 353 691 400 paulo
720 351 879 388 meliora
900 364 1018 400 quam
1040 365 1085 389 ea
1106 365 1207 401 quae
1232 353 1329 390 fiunt
1356 360 1394 390 et
1421 354 1522 390 facta

193 423 293 461 sunt,
317 417 681 466 reprehenduntur3
711 417 818 465 quod
841 429 903 453 me
924 415 1086 454 minime
1107 417 1289 466 paenitet.
1349 417 1389 455 Si
1415 417 1521 455 enim

151 497 174 533 3
192 481 460 530 pervenissent
481 481 576 519 istae
598 481 757 527 litterae,
774 480 869 518 mihi
891 482 1017 528 crede,
1034 495 1105 519 nos
1126 482 1350 532 paeniteret.
1384 482 1523 530 Quid?

142 1397 167 1433 4

35 1440 145 1477 (xxxx.

38 1490 67 1523 ἶ)

69 2054 84 2080 1
99 2050 151 2090 (2)

192 554 232 584 tu
263 560 342 583 non
370 546 478 584 vides
506 546 635 595 ipsum
663 546 772 583 illum
794 546 993 584 Aristoteli
1021 546 1258 596 discipulum
1285 560 1441 585 summo
1468 547 1522 584 in-

191 611 321 660 genio,
350 625 504 648 summa
539 611 744 657 modestia,
776 619 912 660 postea
946 624 1065 660 quam
1105 626 1169 649 rex
1207 614 1424 661 appellatus
1460 611 1518 658 sit,

191 677 416 726 superbum,
459 677 671 722 crudelem,
717 675 1021 714 immoderatum
1070 676 1220 715 fuisse?
1296 677 1433 725 Quid?
1479 684 1520 714 tu

191 743 296 779 hunc
326 743 376 780 de
407 755 554 791 pompa
579 741 734 789 Quirini
766 741 1089 779 contubernalem
1122 742 1182 779 his
1216 742 1357 780 nostris
1390 743 1521 779 mode-

190 808 279 845 ratis
319 807 494 857 epistulis
534 808 766 844 laetaturum
806 809 953 856 putas?
1030 809 1102 845 Ille
1140 820 1232 845 vero
1270 807 1400 857 potius
1439 820 1519 844 non

189 872 331 922 scripta
366 872 561 910 desideret
592 885 710 920 quam
742 870 884 920 scripta
913 885 993 909 non
1024 872 1173 922 probet.
1245 874 1449 910 Postremo
1478 879 1519 908 ut

189 940 303 976 volet.
364 937 474 975 Abiit
514 937 610 975 illud
650 938 758 986 quod
798 944 881 974 tum
922 950 985 974 me
1024 936 1249 975 stimulabat
1290 950 1410 986 quom
1449 936 1520 974 tibi

189 1004 333 1041 dabam
364 1003 572 1052 πρόβλημα
602 1002 872 1053 Ἀρχιμήδειον.
948 1003 1078 1040 Multo
1113 1016 1176 1040 me
1206 1004 1363 1040 hercule
1398 1001 1519 1051 magis

189 1081 294 1104 nunc
334 1074 429 1117 opto
464 1080 598 1104 casum
638 1067 747 1104 illum
788 1079 906 1116 quem
949 1074 1032 1104 turn
1074 1066 1261 1105 timebam
1301 1068 1361 1105 vel
1400 1080 1517 1116 quem

188 1131 336 1169 libebit.

243 1197 329 1234 Nisi
359 1196 455 1246 quid
486 1205 523 1234 te
552 1196 659 1234 aliud
690 1196 889 1246 impediet,
921 1196 972 1233 mi
1000 1204 1136 1246 optato
1163 1196 1324 1234 veneris.
1385 1196 1518 1234 Nicias

187 1275 209 1298 a
232 1262 441 1299 Dolabella
468 1274 611 1311 magno
639 1275 757 1311 opere
783 1260 989 1299 arcessitus
1012 1261 1102 1310 (legi
1128 1261 1233 1299 enim
1264 1260 1425 1311 litteras)
1447 1260 1517 1299 etsi

188 1326 310 1364 invito
332 1341 394 1365 me
416 1335 548 1365 tamen
569 1328 711 1365 eodem
734 1340 796 1364 me
816 1334 975 1364 auctore
996 1327 1194 1375 profectus
1215 1334 1282 1364 est.

246 1394 338 1430 Hoc
373 1406 492 1430 manu
528 1406 625 1430 mea.
685 1393 788 1430 Cum
823 1391 935 1441 quasi
972 1391 1066 1429 alias
1106 1405 1164 1429 res
1203 1404 1428 1441 quaererem
1468 1390 1518 1429 de

191 1457 399 1506 philologis
429 1471 449 1495 e
478 1456 605 1504 Nicia,
627 1456 836 1494 incidimus
864 1456 903 1493 in
928 1457 1136 1494 Thalnam.
1198 1458 1268 1494 Ille
1289 1458 1339 1494 de
1359 1456 1518 1506 ingenio

189 1521 285 1558 nihil
307 1521 434 1567 nimis,
458 1522 682 1559 modestum
705 1529 742 1559 et
763 1520 871 1570 frugi.
931 1522 1009 1559 Sed
1036 1522 1112 1558 hoc
1134 1521 1229 1559 mihi
1251 1534 1330 1558 non
1358 1521 1514 1570 placuit.

188 1588 237 1624 Se
259 1587 355 1624 scire
379 1586 508 1624 aiebat
535 1587 585 1624 ab
613 1600 660 1624 eo
688 1600 812 1636 nuper
839 1586 999 1635 petitam
1023 1586 1287 1633 Cornificiam,
1312 1588 1360 1634 Q.
1385 1586 1514 1631 filiam,

187 1654 356 1690 vetulam
385 1665 478 1689 sane
506 1660 542 1689 et
571 1653 781 1689 multarum
812 1650 1061 1700 nuptiarum,
1091 1664 1171 1688 non
1199 1664 1283 1688 esse
1308 1651 1514 1700 probatum

187 1717 425 1762 mulieribus,
463 1718 570 1766 quod
610 1716 662 1754 ita
702 1716 912 1765 reperirent
945 1729 1025 1753 rem
1061 1729 1141 1753 non
1174 1715 1361 1753 maiorem
1397 1727 1512 1753 DCCC.

188 1783 279 1819 Hoc
311 1781 443 1831 putavi
474 1790 511 1819 te
542 1781 638 1819 scire
669 1789 859 1830 oportere.

227 1888 381 1923 XXIX
472 1891 540 1922 ΞΝ.
561 1892 595 1921 ιἰι
617 1891 804 1921 Tusculano
820 1890 908 1922 viK.
928 1890 1005 1923 Iun.
1023 1901 1053 1921 a.
1077 1901 1136 1930 709
1156 1891 1235 1931 (45).

591 1967 762 1998 CICERO
792 1967 975 1997 ATTICO
1005 1966 1109 1998 SAL.

236 2043 300 2079 De
317 2040 438 2078 hortis
456 2054 501 2077 ex
522 2039 598 2076 tuis
616 2038 751 2076 litteris
768 2038 935 2086 cognovi
952 2046 989 2075 et
1010 2052 1060 2075 ex
1078 2038 1310 2088 Chrysippo.
1356 2039 1403 2074 In
1425 2037 1514 2075 villa

183 2106 293 2143 cuius
315 2104 573 2142 insulsitatem
592 2104 693 2140 bene
710 2115 846 2139 noram
864 2102 980 2140 video
997 2102 1092 2140 nihil
1108 2111 1175 2140 aut
1196 2116 1320 2152 pauca
1342 2109 1489 2139 mutata
1504 2117 1513 2149 3

183 2171 380 2209 balnearia
410 2178 541 2207 tamen
576 2169 709 2206 laudat
742 2167 897 2215 maiora.
931 2169 980 2205 de
1013 2168 1229 2205 minoribus
1263 2167 1315 2204 ait
1350 2167 1513 2205 hiberna

229 2287 266 2306 12
291 2285 391 2314 quom
423 2273 634 2312 lVesenbm‘g:
667 2272 756 2310 quod
790 2271 830 2300 M
977 2281 1012 2310 14
1037 2282 1135 2310 quem
1164 2270 1263 2301 Rom.
1284 2270 1323 2301 I:
1355 2280 1454 2309 quam
1475 2269 1517 2298 M

188 2320 377 2358 chsenbcrg
464 2328 506 2347 20
530 2317 695 2346 Thalnam
716 2315 817 2354 vulg:
843 2315 983 2345 Talnam
1003 2314 1077 2351 CM,
1095 2315 1132 2353 cf.
1151 2315 1172 2346 i.
1194 2315 1242 2344 16.
1260 2316 1280 2344 6
1370 2324 1410 2352 23
1436 2324 1512 2352 pro-

182 2365 294 2394 batum
308 2361 498 2401 llffalaspimt
515 2372 521 2390 :
549 2370 613 2389 ram
630 2358 669 2387 M
756 2359 797 2388 28
823 2369 864 2388 ex
877 2358 1073 2397 Chrysippo
1088 2358 1208 2388 Orelli:
1234 2358 1417 2397 Chrysippi
1430 2356 1516 2386 Reid

1543 824 1581 845 10

1541 1145 1577 1176 Ῑ5

1540 1472 1580 1493 20

1536 1797 1574 1828 25

1534 2179 1573 2209 30
