1742 2651
108 94 154 130 X.
174 93 249 129 viii
266 106 288 129 ix
576 96 629 131 M.
662 95 830 132 TVLLI
862 95 1168 133 CICERONIS

260 204 405 242 Dedita
439 218 558 254 opera
591 206 642 243 ad
672 213 709 243 te
740 204 997 255 Calpurnium
1028 205 1370 243 familiarissimum
1402 219 1532 243 meum

205 268 303 315 misi,
328 277 369 307 ut
399 269 493 307 mibi
525 283 689 319 magnae
716 283 831 308 curae
861 277 967 307 tuam
989 269 1108 307 vitam
1133 284 1178 308 ac
1198 270 1429 320 dignitatem
1450 284 1534 309 esse

204 334 346 372 scires.’

260 399 413 437 Eodem
434 399 498 438 die
519 414 541 437 a
563 401 729 439 Caesare
752 399 986 438 Philotimus
1006 399 1134 438 attulit
1155 400 1230 437 hoc
1251 400 1454 450 exemplo:

850 575 894 611 B.
1556 579 1574 610 5

506 678 575 709 Scr.
596 688 634 708 cx
650 677 757 707 itinere
771 687 815 707 xv
831 676 874 707 K.
894 675 1005 707 Maias-
1022 687 1051 707 ιι.
1073 686 1125 715 705
1144 676 1232 717 (49N.

342 779 581 818 ‘CAESAR
614 778 727 814 IMP.
761 778 872 815 SAL.
906 779 954 814 D.
988 777 1265 816 CICERONI
1300 778 1413 814 IMP.

170 894 185 920 1
261 878 343 916 Etsi
375 885 412 915 te
441 876 537 914 nihil
569 884 723 921 temere,
748 874 844 912 nihil
875 874 1143 924 imprudenter
1172 875 1363 912 facturum
1395 874 1538 912 iudica-

206 957 298 989 ram,
336 950 466 980 tamen
498 948 699 991 permotus
738 939 943 977 bominum
984 941 1087 977 fama
1125 938 1377 976 scribendum
1415 939 1466 977 ad
1501 945 1538 975 te

206 1007 421 1046 existimavi
459 1014 497 1044 et
535 1019 605 1055 pro
644 1013 775 1043 nostra
807 1004 1082 1042 benevolentia
1115 1004 1331 1052 petendum
1371 1016 1420 1040 ne
1459 1016 1538 1052 quo
1562 1017 1600 1038 ιο

207 1071 490 1123 progredereris
524 1070 739 1121 proclinata
771 1069 847 1107 iam
884 1083 923 1107 re
955 1083 1034 1119 quo
1064 1069 1213 1118 integra
1242 1068 1359 1106 etiam
1389 1081 1540 1117 progre-

206 1138 396 1176 diendum
443 1136 513 1175 tibi
558 1149 638 1173 non
684 1134 956 1173 existimasses.
1036 1135 1220 1183 Namque
1265 1140 1302 1171 et
1346 1132 1540 1170 amicitiae

205 1203 420 1253 graviorem
459 1200 639 1238 iniuriam
679 1199 815 1237 feceris
854 1206 892 1237 et
931 1198 1000 1236 tibi
1041 1198 1169 1235 minus
1205 1198 1415 1236 commode
1450 1210 1540 1234 con-

206 1267 380 1314 sulueris,
412 1266 444 1304 si
472 1279 553 1304 non
583 1267 760 1304 fortunae
791 1265 1002 1302 obsecutus
1033 1263 1226 1301 videberis
1255 1262 1405 1313 (onmia
1434 1261 1538 1300 enim

207 1332 491 1372 secundissima
529 1330 654 1377 nobis,
686 1329 959 1368 adversissima
992 1329 1065 1366 illis
1104 1328 1294 1366 accidisse
1327 1326 1537 1376 videntur),
1562 1342 1599 1375 ¹5

208 1413 280 1437 nec
307 1411 465 1436 causam
493 1403 649 1435 secutus
672 1396 828 1445 (eadem
859 1394 964 1433 enim
995 1402 1078 1431 tum
1108 1393 1179 1431 fuit
1209 1406 1300 1431 cum
1326 1393 1377 1430 ab
1404 1405 1540 1430 eorum

207 1463 379 1502 consiliis
409 1463 546 1500 abesse
576 1460 784 1509 iudicasti),
818 1461 887 1498 sed
922 1473 1054 1497 meum
1084 1458 1246 1508 aliquod
1276 1459 1421 1495 factum
1452 1470 1542 1494 con-

208 1527 482 1574 demnavisse;
521 1539 601 1576 quo
632 1525 727 1563 mihi
756 1524 908 1575 gravius
938 1524 1008 1561 abs
1039 1532 1076 1561 te
1106 1523 1159 1560 nil
1189 1522 1366 1561 accidere
1400 1529 1539 1571 potest.

167 1606 191 1632 2
211 1594 332 1642 Quod
361 1606 410 1630 ne
440 1591 557 1629 facias
584 1604 655 1640 pro
682 1590 762 1627 iure
794 1597 947 1627 nostrae
977 1588 1172 1625 amicitiae
1198 1601 1221 1624 a
1247 1595 1285 1625 te
1309 1594 1411 1636 peto.
1472 1587 1543 1623 Po-

209 1669 353 1697 stremo
374 1657 470 1707 quid
491 1656 572 1694 viro
594 1656 700 1694 bono
721 1663 759 1693 et
780 1654 914 1704 quieto
934 1661 972 1692 et
994 1654 1100 1691 bono
1121 1652 1195 1690 civi
1216 1651 1338 1702 magis
1358 1650 1542 1690 convenit
1563 1668 1604 1689 20

209 1737 327 1774 quarn
365 1724 504 1761 abesse
537 1735 560 1759 a
593 1721 772 1759 civilibus
807 1718 1111 1758 controversiis?
1169 1718 1289 1766 Quod
1328 1730 1409 1755 non
1446 1715 1542 1753 nulli

209 1803 299 1827 cum
338 1787 559 1837 probarent,
596 1785 757 1836 periculi
797 1798 913 1823 causa
952 1782 1063 1833 sequi
1101 1796 1182 1820 non
1220 1788 1459 1832 potuerunt;
1502 1787 1543 1817 tu

211 1855 410 1904 explorato
449 1859 486 1890 et
524 1851 625 1889 vitae
673 1864 784 1889 meae
823 1848 1048 1888 testimonio
1087 1856 1124 1886 et
1162 1845 1356 1885 amicitiae
1397 1843 1544 1883 iudicio

211 1932 339 1968 neque
369 1917 488 1956 tutius
519 1930 647 1967 neque
677 1915 880 1954 honestius
910 1913 1075 1964 reperies
1105 1912 1317 1962 quicquam
1345 1923 1463 1959 quam
1491 1909 1542 1946 ab

211 1983 318 2022 omni
339 1982 593 2022 contentione
614 1982 762 2020 abesse.
822 1991 877 2017 xv
900 1980 986 2017 Kal.
1009 1977 1134 2016 Maias
1156 1991 1202 2015 ex
1221 1975 1381 2014 itinere.'
1563 1992 1602 2023 25

253 2108 272 2136 4
297 2097 409 2128 attulit
429 2096 516 2127 codd.
540 2097 682 2137 (praster
695 2096 726 2125 ss:
743 2106 748 2124 t
774 2094 904 2124 litteras
921 2093 1033 2123 attulit
1050 2103 1066 2121 s
1202 2100 1236 2120 11
1265 2089 1424 2120 inclinata
1441 2089 1542 2118 Rom.

211 2152 277 2181 quo
297 2141 360 2171 OR
376 2153 382 2171 ε
415 2151 480 2179 qua
498 2151 574 2170 corr.
595 2151 634 2169 ex
650 2150 716 2178 quo
734 2138 793 2169 M:
818 2148 883 2176 qua
899 2136 947 2166 Ps
1052 2145 1090 2174 14
1115 2133 1283 2165 videberis
1299 2143 1316 2162 s
1335 2131 1542 2170 Wesenberg:

211 2190 248 2216 ut
265 2185 409 2215 deberes
429 2183 520 2213 OM:
545 2183 704 2213 videbere
723 2181 761 2211 M
777 2181 922 2222 (marg.)
940 2179 1027 2219 vulg.
1148 2189 1186 2219 19
1210 2182 1290 2217 peto
1307 2175 1349 2206 I:
1373 2180 1452 2214 puto
1472 2174 1512 2204 M
