1742 2651
108 149 156 186 X.
180 149 227 184 iv
576 147 631 184 M.
664 146 831 183 TVLLI
864 144 1170 185 CICERONIS

158 1309 185 1345 9

144 1831 190 1858 10

204 257 468 297 Contionatus
498 266 566 304 est,
590 256 714 304 rediit,
744 257 815 295 fuit
844 258 894 295 ad
926 270 988 294 mc
1018 270 1111 294 sane
1141 255 1219 294 diu.
1280 256 1315 293 O
1343 267 1423 292 rem
1454 255 1529 292 foe-

202 326 320 362 dam!
390 323 505 361 Nosti
541 322 771 369 hominemg
811 321 907 359 nihil
939 320 1159 366 occultavit,
1192 320 1231 357 in
1266 319 1400 370 primis
1434 318 1531 356 nihil

202 403 287 427 esse
314 388 455 427 certius
476 401 596 438 quam
624 396 665 425 ut
696 401 834 425 omnes
862 386 929 436 qui
954 388 1039 435 lege
1062 385 1251 435 Pompeia
1277 383 1532 423 condemnati

202 461 333 492 essent
371 453 692 499 restituerentur;
740 451 872 502 itaque
911 465 952 489 se
992 451 1030 488 in
1071 450 1201 489 Sicilia
1239 463 1375 488 eorum
1414 462 1533 498 opera

203 532 374 557 usurum.
438 520 498 556 De
522 517 727 567 Hispaniis
748 530 829 555 non
851 516 1057 554 dubitabat
1078 515 1173 565 quin
1191 514 1368 554 Caesaris
1389 522 1529 552 essent.
1554 527 1572 558 5

204 585 305 621 Inde
326 583 454 633 ipsum
476 596 568 621 cum
590 582 760 620 exercitu
783 581 1024 630 ubicumque
1046 580 1259 630 Pompeius
1280 587 1391 618 esset.
1440 579 1534 617 Eius

203 648 360 687 interitu
387 649 504 686 finem
534 647 636 688 >ri11i†
665 649 756 684 fore.
820 646 985 696 Propius
1013 648 1159 683 facturn
1185 658 1270 683 esse
1297 644 1418 692 nihi13
1451 644 1535 684 †ei†

204 715 321 764 plane
348 713 550 752 iracundia
577 714 722 751 elatum
747 712 917 750 voluisse
940 713 1148 750 Caesarem
1177 710 1305 749 occidi
1328 711 1535 748 Metellum

206 779 406 817 tribunum
427 780 478 829 pl.
538 779 659 827 Quod
682 777 712 815 si
736 784 837 815 esset
858 778 1016 823 factum,
1040 777 1202 814 caedem
1228 788 1410 825 magnam
1438 777 1537 813 futu-

205 858 287 882 ram
308 844 437 882 fuisse.
499 844 718 881 Permultos
743 844 961 880 hortatores
982 855 1067 879 esse
1088 840 1230 886 caedis,
1254 840 1383 890 ipsum
1404 848 1536 879 autem
1561 855 1599 876 10

204 923 285 948 non
319 911 520 947 voluntate
558 916 624 946 aut
665 916 803 946 natura
842 921 923 945 non
957 920 1042 945 esse
1077 907 1289 952 crudelem,
1324 907 1393 944 sed
1428 907 1536 955 quod

195 979 360 1024 putaret
380 975 610 1023 popularem
641 987 726 1011 esse
761 972 1022 1010 clementiam.
1084 972 1206 1021 Quod
1236 971 1267 1008 si
1296 970 1433 1021 populi
1463 978 1539 1008 stu-

205 1039 315 1078 dium
335 1038 542 1084 amisisset,
558 1039 758 1076 crudelem
780 1039 872 1076 fore.
931 1039 1117 1087 Eumque
1138 1037 1407 1086 perturbatum
1430 1036 1539 1085 quod

205 1104 445 1153 intellegeret
477 1117 517 1142 se
548 1104 655 1153 apud
687 1103 811 1152 ipsam
846 1102 1003 1152 plebem
1039 1101 1250 1140 offendisse
1289 1103 1339 1140 de
1376 1101 1534 1140 aerario.

207 1171 347 1218 Itaque
367 1169 402 1207 ei
423 1183 514 1207 cum
535 1168 796 1207 certissimum
819 1167 954 1206 fuisset
975 1175 1065 1205 ante
1087 1181 1206 1217 quam
1227 1167 1538 1216 proficisceretur
1561 1184 1598 1215 15

205 1233 433 1272 contionem
464 1234 618 1279 habere,
645 1247 784 1271 ausum
818 1247 898 1271 non
929 1247 1014 1271 esse
1043 1234 1375 1282 vehementerque
1405 1233 1538 1270 animo

206 1300 433 1348 perturbato
459 1300 690 1348 profectum.
755 1300 857 1337 Cum
886 1306 1017 1337 autem
1046 1312 1092 1336 ex
1119 1312 1167 1336 eo
1195 1312 1421 1348 quaererem
1444 1298 1539 1348 quid

207 1365 366 1411 videret,
389 1378 508 1414 quem
536 1364 697 1408 exitum,
718 1378 836 1413 quam
866 1378 948 1403 rem
974 1365 1186 1414 publicam,
1208 1366 1323 1414 plane
1348 1364 1542 1402 fatebatur

208 1432 356 1468 nullam
389 1444 498 1480 spem
531 1430 732 1480 reliquam.
797 1431 961 1480 Pompei
994 1432 1158 1468 classem
1192 1431 1366 1469 timebat'.
1428 1431 1541 1478 Quae

209 1496 241 1534 si
262 1495 413 1542 exisset,
437 1510 478 1534 se
503 1497 552 1534 de
578 1495 708 1534 Sicilia
732 1495 941 1534 abiturum.
1006 1496 1137 1545 ‘Quid
1165 1497 1248 1534 isti’
1268 1496 1429 1546 inquam
1455 1498 1542 1532 ‘sex
1565 1508 1604 1530 20

211 1561 267 1599 tui
294 1563 447 1599 fasces?
476 1561 507 1599 si
533 1575 556 1599 a
583 1569 733 1608 senatu,
758 1575 826 1599 cur
855 1562 1046 1600 laureati?
1075 1562 1106 1600 si
1134 1563 1185 1600 ab
1212 1562 1308 1612 ipso,
1332 1576 1400 1600 cur
1426 1562 1542 1599 sex?'

215 1626 401 1676 ‘Cupivi'
428 1626 555 1676 inquit
585 1630 653 1664 ‘ex
683 1635 840 1665 senatus
872 1629 1053 1666 consulto
1081 1635 1287 1678 surrupto3
1316 1641 1407 1665 nam
1434 1626 1544 1664 aliter

213 1705 287 1729 που
314 1699 475 1741 poterat.
536 1694 588 1729 At
619 1692 682 1730 ille
714 1691 917 1742 impendio
948 1707 1053 1731 nunc
1085 1693 1206 1742 magis
1236 1693 1320 1732 odit
1349 1699 1540 1731 senatum.

212 1759 249 1794 A
279 1758 363 1795 me'
394 1756 519 1806 inquit
552 1757 708 1795 ‘omnia
742 1757 1061 1807 proficiscentur.’
1119 1759 1224 1797 ‘Cur
1257 1766 1388 1796 autem
1424 1758 1542 1795 sex?'

217 1822 343 1871 ‘Quia
372 1835 432 1860 XII
465 1823 598 1870 nolui3
628 1837 719 1861 nam
750 1823 917 1862 licebat.'
974 1826 1078 1862 Tum
1109 1838 1182 1874 ego
1206 1825 1357 1872 ‘Quam
1379 1824 1542 1861 vellem'
1566 1831 1603 1862 25

214 1887 374 1937 inquam
405 1888 570 1937 ‘petisse
600 1889 651 1926 ab
679 1903 727 1927 eo
755 1890 863 1938 quod
893 1889 1012 1927 audio
1036 1889 1260 1939 Philippum
1291 1888 1542 1938 impetrasse!

215 1954 292 1991 Sed
314 1953 456 1991 veritus
478 1967 575 1999 sum,
600 1954 692 2004 quia
719 1954 782 1992 ille
803 1968 826 1991 a
847 1968 909 1992 me
940 1954 1036 1991 nihil
1065 1954 1321 2004 impetrabat.⁷
1381 1953 1545 1991 ‘Liben-

215 2019 292 2055 ter'
319 2017 446 2067 inquit
474 2018 564 2056 ‘tibi
598 2018 866 2057 concessisset.
926 2020 1074 2057 Verum
1102 2027 1197 2069 puta
1227 2026 1264 2057 te
1294 2018 1546 2068 impetrasse;

261 2134 273 2153 1
301 2124 341 2154 ad
366 2123 412 2157 M.
439 2124 475 2163 cf
498 2124 744 2154 adisolast'onem
771 2123 899 2154 doctam
924 2124 1060 2154 Msillmi
1075 2128 1104 2153 ct
1122 2135 1152 2154 x.
1170 2126 1218 2155 16.
1239 2135 1276 2154 1:
1312 2124 1400 2162 apud
1426 2122 1545 2154 Lamb.

215 2177 231 2205 7
259 2166 430 2197 interitum
448 2167 566 2199 Laud».
659 2168 722 2207 illi]
741 2168 818 2198 belli
837 2168 931 2198 Μαιι.
947 2179 953 2197 z
980 2169 1055 2197 mali
1073 2168 1175 2198 Orelli
1263 2167 1405 2206 Propius
1423 2167 1546 2197 factum

214 2221 291 2241 6556
317 2211 399 2241 nihil
423 2211 492 2242 edd.
515 2211 650 2251 quidam
678 2212 844 2241 conlocant
863 2215 939 2251 post
965 2212 1135 2241 tribunum
1163 2211 1206 2250 pl.
1227 2211 1349 2240 omisso
1368 2210 1399 2240 ei
1499 2210 1545 2250 ei]

216 2255 279 2284 nisi
296 2254 447 2285 Schmidt
583 2266 620 2285 10
646 2255 748 2285 fuisse
769 2254 817 2284 C:
855 2265 930 2284 esse
956 2254 996 2284 M
1130 2265 1166 2284 12
1191 2260 1323 2294 putaret
1347 2253 1422 2284 add.
1444 2254 1544 2284 Rom.

218 2298 256 2327 18
280 2308 380 2336 quem
413 2298 538 2328 exitum
574 2297 765 2338 Malaspina
794 2298 952 2337 Madvzg:
992 2309 1092 2336 quem
1128 2298 1318 2336 exemplum
1345 2296 1423 2326 ,ΜΗ
1458 2297 1547 2336 quod

215 2342 410 2380 exemplum
436 2341 490 2370 M2
510 2341 607 2371 Rom.
626 2352 632 2369 :
665 2352 764 2380 quem
785 2346 942 2372 eventum
963 2342 1042 2372 com‘.
1064 2341 1148 2371 Boot
1163 2341 1314 2372 Schmidt
1506 2351 1549 2371 20

215 2385 343 2414 exisset
362 2383 501 2415 lVez'ske:
527 2389 619 2414 esset
645 2383 705 2415 M:
730 2385 866 2415 adesset
883 2385 962 2414 coni.
981 2384 1066 2414 Reid
1220 2395 1260 2415 22
1285 2389 1440 2423 surrepto
1458 2385 1547 2424 vulg.

216 2428 309 2468 nam]
333 2438 409 2458 num
429 2428 505 2459 coni.
531 2427 651 2468 Tyrrell
759 2438 800 2466 23
825 2438 890 2458 non
910 2427 984 2458 add.
1003 2429 1090 2469 vulg.
