<?xml version="1.0" encoding="UTF-8"?>
<!DOCTYPE html PUBLIC "-//W3C//DTD XHTML 1.0 Transitional//EN"
    "http://www.w3.org/TR/xhtml1/DTD/xhtml1-transitional.dtd">
<html xmlns="http://www.w3.org/1999/xhtml" xml:lang="en" lang="en">
 <head>
  <title>
</title>
<meta http-equiv="Content-Type" content="text/html;charset=utf-8" />
  <meta name='ocr-system' content='tesseract 3.04.00' />
  <meta name='ocr-capabilities' content='ocr_page ocr_carea ocr_par ocr_line ocrx_word'/>
</head>
<body>
  <div class='ocr_page' id='page_1' title='image "./p2epistulaerecog02ciceuoft_0208.png"; bbox 0 0 1742 2651; ppageno 0'>
   <div class='ocr_carea' id='block_1_1' title="bbox 75 91 1147 131">
    <p class='ocr_par' dir='ltr' id='par_1_1' title="bbox 75 91 1147 131">
     <span class='ocr_line' id='line_1_1' title="bbox 75 91 1147 131; baseline 0.003 -3"><span class='ocrx_word' id='word_1_1' title='bbox 75 91 196 130; x_wconf 86' lang='lat' dir='ltr'><strong>XIII.</strong></span> <span class='ocrx_word' id='word_1_2' title='bbox 218 91 266 128; x_wconf 84' lang='lat' dir='ltr'>lii</span> <span class='ocrx_word' id='word_1_3' title='bbox 631 93 743 129; x_wconf 89' lang='lat' dir='ltr'>EPP.</span> <span class='ocrx_word' id='word_1_4' title='bbox 776 93 854 129; x_wconf 80' lang='lat' dir='ltr'>AD</span> <span class='ocrx_word' id='word_1_5' title='bbox 885 92 1147 131; x_wconf 88' lang='lat' dir='ltr'><strong>ATTICVM</strong></span> 
     </span>
    </p>
   </div>
   <div class='ocr_carea' id='block_1_2' title="bbox 181 203 1608 969">
    <p class='ocr_par' dir='ltr' id='par_1_2' title="bbox 181 203 1587 697">
     <span class='ocr_line' id='line_1_2' title="bbox 181 203 1550 254; baseline 0.001 -14"><span class='ocrx_word' id='word_1_6' title='bbox 181 213 206 241; x_wconf 88' lang='lat'>2</span> <span class='ocrx_word' id='word_1_7' title='bbox 226 205 430 242; x_wconf 78' lang='lat' dir='ltr'>Praeterea</span> <span class='ocrx_word' id='word_1_8' title='bbox 449 203 572 241; x_wconf 86' lang='lat' dir='ltr'>tribus</span> <span class='ocrx_word' id='word_1_9' title='bbox 593 203 768 241; x_wconf 85' lang='lat' dir='ltr'>tricliniis</span> <span class='ocrx_word' id='word_1_10' title='bbox 789 203 940 253; x_wconf 80' lang='lat' dir='ltr'>accepti</span> <span class='ocrx_word' id='word_1_11' title='bbox 961 205 995 242; x_wconf 86' lang='grc' dir='ltr'>οῖ</span> <span class='ocrx_word' id='word_1_12' title='bbox 1014 205 1099 254; x_wconf 83' lang='grc' dir='ltr'>περὶ</span> <span class='ocrx_word' id='word_1_13' title='bbox 1116 206 1230 246; x_wconf 79' lang='grc' dir='ltr'>αὐτὸν</span> <span class='ocrx_word' id='word_1_14' title='bbox 1247 206 1361 243; x_wconf 83' lang='lat' dir='ltr'>valde</span> <span class='ocrx_word' id='word_1_15' title='bbox 1382 203 1550 254; x_wconf 81' lang='lat' dir='ltr'>copiose.</span> 
     </span>
     <span class='ocr_line' id='line_1_3' title="bbox 224 268 1552 318; baseline 0.001 -12"><span class='ocrx_word' id='word_1_16' title='bbox 224 269 392 307; x_wconf 86' lang='lat' dir='ltr'>Libertis</span> <span class='ocrx_word' id='word_1_17' title='bbox 417 268 546 307; x_wconf 85' lang='lat' dir='ltr'>minus</span> <span class='ocrx_word' id='word_1_18' title='bbox 566 268 681 306; x_wconf 78' lang='lat' dir='ltr'>lautis</span> <span class='ocrx_word' id='word_1_19' title='bbox 703 268 902 318; x_wconf 82' lang='lat' dir='ltr'>servisque</span> <span class='ocrx_word' id='word_1_20' title='bbox 923 269 1021 306; x_wconf 85' lang='lat' dir='ltr'>nihil</span> <span class='ocrx_word' id='word_1_21' title='bbox 1042 270 1176 308; x_wconf 88' lang='lat' dir='ltr'>defuit.</span> <span class='ocrx_word' id='word_1_22' title='bbox 1236 271 1341 308; x_wconf 79' lang='lat' dir='ltr'>Nam</span> <span class='ocrx_word' id='word_1_23' title='bbox 1371 269 1552 308; x_wconf 80' lang='lat' dir='ltr'>lautiores</span> 
     </span>
     <span class='ocr_line' id='line_1_4' title="bbox 221 333 1551 385; baseline 0 -13"><span class='ocrx_word' id='word_1_24' title='bbox 221 336 419 384; x_wconf 74' lang='lat' dir='ltr'>eleganter</span> <span class='ocrx_word' id='word_1_25' title='bbox 433 333 579 383; x_wconf 77' lang='lat' dir='ltr'>accepi.</span> <span class='ocrx_word' id='word_1_26' title='bbox 623 333 731 382; x_wconf 83' lang='lat' dir='ltr'>Quid</span> <span class='ocrx_word' id='word_1_27' title='bbox 748 335 900 371; x_wconf 76' lang='lat' dir='ltr'>multa?</span> <span class='ocrx_word' id='word_1_28' title='bbox 921 334 1102 372; x_wconf 82' lang='lat' dir='ltr'>homines</span> <span class='ocrx_word' id='word_1_29' title='bbox 1116 335 1188 375; x_wconf 89' lang='lat' dir='ltr'>visi</span> <span class='ocrx_word' id='word_1_30' title='bbox 1202 348 1348 375; x_wconf 78' lang='lat' dir='ltr'>sumus,</span> <span class='ocrx_word' id='word_1_31' title='bbox 1391 336 1551 385; x_wconf 81' lang='lat' dir='ltr'>Hospes</span> 
     </span>
     <span class='ocr_line' id='line_1_5' title="bbox 221 398 1551 448; baseline 0 -11"><span class='ocrx_word' id='word_1_32' title='bbox 221 407 353 438; x_wconf 82' lang='lat' dir='ltr'>tamen</span> <span class='ocrx_word' id='word_1_33' title='bbox 392 413 472 437; x_wconf 86' lang='lat' dir='ltr'>non</span> <span class='ocrx_word' id='word_1_34' title='bbox 512 398 543 436; x_wconf 89' lang='lat' dir='ltr'>is</span> <span class='ocrx_word' id='word_1_35' title='bbox 582 398 676 448; x_wconf 85' lang='lat' dir='ltr'>quoi</span> <span class='ocrx_word' id='word_1_36' title='bbox 716 398 877 445; x_wconf 84' lang='lat' dir='ltr'>diceres,</span> <span class='ocrx_word' id='word_1_37' title='bbox 917 399 1096 436; x_wconf 79' lang='lat' dir='ltr'>‘Amabo</span> <span class='ocrx_word' id='word_1_38' title='bbox 1136 407 1187 447; x_wconf 86' lang='lat' dir='ltr'>te,</span> <span class='ocrx_word' id='word_1_39' title='bbox 1219 401 1361 438; x_wconf 87' lang='lat' dir='ltr'>eodem</span> <span class='ocrx_word' id='word_1_40' title='bbox 1399 400 1451 438; x_wconf 80' lang='lat' dir='ltr'>ad</span> <span class='ocrx_word' id='word_1_41' title='bbox 1488 413 1551 437; x_wconf 91' lang='lat' dir='ltr'>me</span> 
     </span>
     <span class='ocr_line' id='line_1_6' title="bbox 220 463 1587 508; baseline 0 -6"><span class='ocrx_word' id='word_1_42' title='bbox 220 477 311 502; x_wconf 89' lang='lat' dir='ltr'>cum</span> <span class='ocrx_word' id='word_1_43' title='bbox 343 465 556 502; x_wconf 82' lang='lat' dir='ltr'>revertere.’</span> <span class='ocrx_word' id='word_1_44' title='bbox 625 465 755 501; x_wconf 86' lang='lat' dir='ltr'>Semel</span> <span class='ocrx_word' id='word_1_45' title='bbox 787 463 880 501; x_wconf 82' lang='lat' dir='ltr'>satis</span> <span class='ocrx_word' id='word_1_46' title='bbox 912 472 980 501; x_wconf 87' lang='lat' dir='ltr'>est.</span> <span class='ocrx_word' id='word_1_47' title='bbox 1040 465 1246 504; x_wconf 82' lang='grc' dir='ltr'>Σπουδαῖον</span> <span class='ocrx_word' id='word_1_48' title='bbox 1277 465 1380 503; x_wconf 79' lang='grc' dir='ltr'>οὐδὲν</span> <span class='ocrx_word' id='word_1_49' title='bbox 1408 464 1449 502; x_wconf 88' lang='lat' dir='ltr'>in</span> <span class='ocrx_word' id='word_1_50' title='bbox 1478 478 1551 503; x_wconf 88' lang='lat' dir='ltr'>ser·</span> <span class='ocrx_word' id='word_1_51' title='bbox 1571 478 1587 508; x_wconf 83' lang='lat'>5</span> 
     </span>
     <span class='ocr_line' id='line_1_7' title="bbox 220 528 1551 581; baseline 0.001 -15"><span class='ocrx_word' id='word_1_52' title='bbox 220 543 349 576; x_wconf 89' lang='lat' dir='ltr'>mone,</span> <span class='ocrx_word' id='word_1_53' title='bbox 382 531 575 581; x_wconf 77' lang='grc' dir='ltr'>φιλόλογα</span> <span class='ocrx_word' id='word_1_54' title='bbox 606 530 739 566; x_wconf 82' lang='lat' dir='ltr'>multa.</span> <span class='ocrx_word' id='word_1_55' title='bbox 800 528 910 577; x_wconf 86' lang='lat' dir='ltr'>Quid</span> <span class='ocrx_word' id='word_1_56' title='bbox 945 529 1128 579; x_wconf 82' lang='lat' dir='ltr'>quaeris?</span> <span class='ocrx_word' id='word_1_57' title='bbox 1171 531 1386 568; x_wconf 80' lang='lat' dir='ltr'>delectatus</span> <span class='ocrx_word' id='word_1_58' title='bbox 1421 537 1479 567; x_wconf 81' lang='lat' dir='ltr'>est</span> <span class='ocrx_word' id='word_1_59' title='bbox 1513 538 1551 568; x_wconf 86' lang='lat' dir='ltr'>et</span> 
     </span>
     <span class='ocr_line' id='line_1_8' title="bbox 219 594 1548 642; baseline 0.001 -11"><span class='ocrx_word' id='word_1_60' title='bbox 219 594 385 632; x_wconf 83' lang='lat' dir='ltr'>libenter</span> <span class='ocrx_word' id='word_1_61' title='bbox 413 594 495 632; x_wconf 87' lang='lat' dir='ltr'>fuit.</span> <span class='ocrx_word' id='word_1_62' title='bbox 557 594 730 632; x_wconf 80' lang='lat' dir='ltr'>Puteolis</span> <span class='ocrx_word' id='word_1_63' title='bbox 761 607 803 632; x_wconf 87' lang='lat' dir='ltr'>se</span> <span class='ocrx_word' id='word_1_64' title='bbox 831 594 962 632; x_wconf 79' lang='lat' dir='ltr'>aiebat</span> <span class='ocrx_word' id='word_1_65' title='bbox 986 608 1110 632; x_wconf 87' lang='lat' dir='ltr'>unum</span> <span class='ocrx_word' id='word_1_66' title='bbox 1134 595 1240 634; x_wconf 90' lang='lat' dir='ltr'>diem</span> <span class='ocrx_word' id='word_1_67' title='bbox 1270 597 1362 642; x_wconf 83' lang='lat' dir='ltr'>fore,</span> <span class='ocrx_word' id='word_1_68' title='bbox 1384 596 1548 632; x_wconf 81' lang='lat' dir='ltr'>alterum</span> 
     </span>
     <span class='ocr_line' id='line_1_9' title="bbox 217 658 414 697; baseline 0.005 -1"><span class='ocrx_word' id='word_1_69' title='bbox 217 660 269 697; x_wconf 79' lang='lat' dir='ltr'>ad</span> <span class='ocrx_word' id='word_1_70' title='bbox 290 658 414 697; x_wconf 78' lang='lat' dir='ltr'>Baias.</span> 
     </span>
    </p>

    <p class='ocr_par' dir='ltr' id='par_1_3' title="bbox 215 724 1608 969">
     <span class='ocr_line' id='line_1_10' title="bbox 273 724 1545 775; baseline 0 -13"><span class='ocrx_word' id='word_1_71' title='bbox 273 724 411 762; x_wconf 80' lang='lat' dir='ltr'>Habes</span> <span class='ocrx_word' id='word_1_72' title='bbox 442 724 658 774; x_wconf 86' lang='lat' dir='ltr'>hospitium</span> <span class='ocrx_word' id='word_1_73' title='bbox 688 724 770 762; x_wconf 77' lang='lat' dir='ltr'>sive</span> <span class='ocrx_word' id='word_1_74' title='bbox 800 725 1067 775; x_wconf 79' lang='grc' dir='ltr'>ἐπισταθμείαν</span> <span class='ocrx_word' id='word_1_75' title='bbox 1099 725 1279 763; x_wconf 85' lang='lat' dir='ltr'>odiosam</span> <span class='ocrx_word' id='word_1_76' title='bbox 1311 724 1417 771; x_wconf 86' lang='lat' dir='ltr'>mihi,</span> <span class='ocrx_word' id='word_1_77' title='bbox 1455 724 1545 771; x_wconf 77' lang='lat' dir='ltr'>dixi,</span> 
     </span>
     <span class='ocr_line' id='line_1_11' title="bbox 218 789 1608 839; baseline 0.001 -14"><span class='ocrx_word' id='word_1_78' title='bbox 218 801 299 826; x_wconf 86' lang='lat' dir='ltr'>non</span> <span class='ocrx_word' id='word_1_79' title='bbox 321 791 539 827; x_wconf 75' lang='lat' dir='ltr'>molestam.</span> <span class='ocrx_word' id='word_1_80' title='bbox 600 791 686 838; x_wconf 79' lang='lat' dir='ltr'>Ego</span> <span class='ocrx_word' id='word_1_81' title='bbox 716 789 915 839; x_wconf 76' lang='lat' dir='ltr'>paulisper</span> <span class='ocrx_word' id='word_1_82' title='bbox 935 790 1009 837; x_wconf 80' lang='lat' dir='ltr'>hic,</span> <span class='ocrx_word' id='word_1_83' title='bbox 1034 790 1180 828; x_wconf 84' lang='lat' dir='ltr'>deinde</span> <span class='ocrx_word' id='word_1_84' title='bbox 1201 790 1241 827; x_wconf 89' lang='lat' dir='ltr'>in</span> <span class='ocrx_word' id='word_1_85' title='bbox 1262 791 1543 827; x_wconf 79' lang='lat' dir='ltr'>Tusculanum.</span> <span class='ocrx_word' id='word_1_86' title='bbox 1568 801 1608 822; x_wconf 82' lang='lat'>10</span> 
     </span>
     <span class='ocr_line' id='line_1_12' title="bbox 220 854 1546 904; baseline 0.001 -13"><span class='ocrx_word' id='word_1_87' title='bbox 220 855 451 892; x_wconf 74' lang='lat' dir='ltr'>Dolabellae</span> <span class='ocrx_word' id='word_1_88' title='bbox 472 855 603 892; x_wconf 77' lang='lat' dir='ltr'>villam</span> <span class='ocrx_word' id='word_1_89' title='bbox 633 868 724 891; x_wconf 85' lang='lat' dir='ltr'>cum</span> <span class='ocrx_word' id='word_1_90' title='bbox 755 854 989 904; x_wconf 76' lang='lat' dir='ltr'>praeteriret,</span> <span class='ocrx_word' id='word_1_91' title='bbox 1014 855 1143 892; x_wconf 87' lang='lat' dir='ltr'>omnis</span> <span class='ocrx_word' id='word_1_92' title='bbox 1163 862 1401 892; x_wconf 76' lang='lat' dir='ltr'>armatorum</span> <span class='ocrx_word' id='word_1_93' title='bbox 1432 854 1546 904; x_wconf 80' lang='lat' dir='ltr'>copia</span> 
     </span>
     <span class='ocr_line' id='line_1_13' title="bbox 215 919 1542 969; baseline 0 -12"><span class='ocrx_word' id='word_1_94' title='bbox 215 921 350 958; x_wconf 76' lang='lat' dir='ltr'>dextra</span> <span class='ocrx_word' id='word_1_95' title='bbox 370 919 524 956; x_wconf 75' lang='lat' dir='ltr'>sinistra</span> <span class='ocrx_word' id='word_1_96' title='bbox 543 921 594 956; x_wconf 77' lang='lat' dir='ltr'>ad</span> <span class='ocrx_word' id='word_1_97' title='bbox 616 933 763 968; x_wconf 81' lang='lat' dir='ltr'>equum</span> <span class='ocrx_word' id='word_1_98' title='bbox 784 933 858 957; x_wconf 83' lang='lat' dir='ltr'>nec</span> <span class='ocrx_word' id='word_1_99' title='bbox 879 933 1046 969; x_wconf 79' lang='lat' dir='ltr'>usquam</span> <span class='ocrx_word' id='word_1_100' title='bbox 1073 919 1176 956; x_wconf 81' lang='lat' dir='ltr'>alibi.</span> <span class='ocrx_word' id='word_1_101' title='bbox 1238 921 1330 957; x_wconf 87' lang='lat' dir='ltr'>Hoc</span> <span class='ocrx_word' id='word_1_102' title='bbox 1351 933 1396 957; x_wconf 79' lang='lat' dir='ltr'>ex</span> <span class='ocrx_word' id='word_1_103' title='bbox 1418 919 1542 957; x_wconf 81' lang='lat' dir='ltr'>Nicia.</span> 
     </span>
    </p>
   </div>
   <div class='ocr_carea' id='block_1_3' title="bbox 463 1022 1297 1065">
    <p class='ocr_par' dir='ltr' id='par_1_4' title="bbox 463 1022 1297 1065">
     <span class='ocr_line' id='line_1_14' title="bbox 463 1022 1297 1065; baseline -0.001 -11"><span class='ocrx_word' id='word_1_104' title='bbox 463 1033 483 1062; x_wconf 89' lang='lat'><strong>3</strong></span> <span class='ocrx_word' id='word_1_105' title='bbox 505 1025 634 1063; x_wconf 80' lang='lat' dir='ltr'>accepti</span> <span class='ocrx_word' id='word_1_106' title='bbox 652 1023 831 1054; x_wconf 74' lang='lat' dir='ltr'>Ascenst&#39;us</span> <span class='ocrx_word' id='word_1_107' title='bbox 939 1034 962 1064; x_wconf 90' lang='lat'><strong>9</strong></span> <span class='ocrx_word' id='word_1_108' title='bbox 985 1022 1195 1062; x_wconf 81' lang='grc' dir='ltr'>ἐπισταθμίαν</span> <span class='ocrx_word' id='word_1_109' title='bbox 1209 1023 1297 1065; x_wconf 80' lang='lat' dir='ltr'>vulg.</span> 
     </span>
    </p>
   </div>
  </div>
 </body>
</html>
