1742 2651
582 124 695 161 EPP.
727 123 804 160 AD
835 122 1093 160 ATTICVM
1408 120 1518 156 XVI.
1538 118 1653 154 xviE

174 237 334 274 confido
368 237 448 274 fore
479 243 519 273 ut
549 235 626 273 alio
656 248 797 284 genere
826 233 1038 272 litterarum
1069 240 1224 270 utamur
1253 231 1402 281 tibique
1433 244 1503 280 pro

174 308 243 337 tuo
277 314 433 338 summo
462 299 656 338 beneficio
684 299 824 349 gratias
857 311 1028 348 agamus.
1093 298 1214 346 Quod
1245 296 1275 334 si
1304 295 1501 342 acciderit,

173 365 289 402 velim
320 365 373 402 sic
403 364 610 411 existimes,
638 377 717 401 non
748 363 818 402 tibi
845 371 924 400 tam
950 362 1126 400 Atticum
1154 361 1264 399 cuius
1292 374 1504 410 permagna

172 443 232 467 res
258 429 383 479 agitur
408 443 527 479 quam
555 443 618 467 me
645 429 712 478 qui
742 442 823 467 non
853 428 982 466 minus
1009 427 1145 465 laboro
1172 439 1291 476 quam
1319 425 1382 462 ille
1408 424 1504 463 obli-

135 508 150 538 5
171 502 305 544 gatum
330 495 421 532 fore.

814 647 855 684 F.

617 733 687 766 Scr.
702 735 894 774 paulopost
907 739 952 775 ep.
973 735 1012 763 16
1032 732 1065 764 C.

555 809 730 841 CICERO
760 809 983 841 CAPITONI
1017 809 1114 840 SAL.

94 895 116 909 “⁷
226 888 320 926 Non
350 886 490 926 dubito
520 887 615 937 quin
646 887 784 925 mirere
817 895 936 937 atque
969 887 1086 925 etiam
1122 886 1366 924 stomachere
1396 887 1505 935 quod
1524 896 1565 934 17

117 968 153 990 ιο
173 960 303 991 tecum
328 954 378 991 de
406 953 544 990 eadem
571 966 612 990 re
637 966 750 1002 agam
778 952 942 1002 saepius.
1004 951 1191 990 Hominis
1216 950 1504 988 familiarissimi

172 1025 209 1054 et
237 1017 332 1054 mihi
360 1016 545 1054 omnibus
572 1017 688 1054 rebus
716 1016 1029 1055 coniunctissimi
1049 1029 1262 1066 permagna
1281 1028 1340 1052 res
1367 1014 1501 1064 agitur,

172 1081 302 1119 Attici.
363 1081 542 1130 Cognovi
567 1094 640 1131 ego
661 1089 727 1119 tua
753 1081 882 1119 studia
902 1082 941 1118 in
968 1081 1129 1127 amicos,
1151 1080 1268 1118 etiam
1290 1079 1329 1116 in
1351 1087 1389 1117 te
1412 1079 1505 1117 ami-

173 1159 316 1183 corum.
379 1147 552 1183 Multum
587 1154 699 1196 potes
735 1159 806 1184 nos
840 1147 947 1196 apud
979 1147 1168 1183 Plancum
1198 1144 1339 1182 iuvare.
1399 1145 1504 1182 Novi
1524 1145 1567 1183 18

173 1210 456 1248 humanitatem
474 1218 606 1258 tuam3
636 1211 717 1248 scio
738 1224 856 1260 quam
878 1210 929 1247 sis
949 1210 1085 1248 amicis
1106 1210 1313 1247 iucundus.
1373 1210 1504 1247 Nemo

115 1291 150 1322 15
171 1289 243 1312 nos
271 1275 309 1312 in
337 1277 410 1312 hac
441 1289 558 1313 causa
587 1277 674 1325 plus
704 1275 835 1313 iuvare
862 1283 990 1325 potest
1021 1288 1139 1324 quam
1169 1283 1221 1312 tu.
1283 1276 1333 1312 Et
1362 1288 1422 1312 res
1452 1274 1505 1312 ita

171 1348 229 1378 est
251 1341 360 1378 firma
381 1348 422 1378 ut
443 1340 562 1378 debet
590 1354 688 1387 esse,
709 1354 828 1390 quam
857 1342 1038 1378 consules
1066 1341 1116 1378 de
1143 1340 1282 1377 consili
1309 1340 1503 1378 sententia

171 1406 426 1443 decreverunt
451 1418 541 1442 cum
568 1413 606 1443 et
634 1406 718 1455 lege
745 1413 783 1443 et
811 1413 968 1443 senatus
998 1407 1179 1443 consulto
1206 1413 1500 1454 cognoscerent.

171 1471 324 1507 Tamen
357 1469 490 1507 onmia
528 1470 656 1520 posita
690 1478 873 1519 putamus
909 1470 948 1507 in
982 1469 1115 1507 Planci
1155 1469 1211 1507 tui
1249 1469 1503 1517 liberalitate3

172 1547 291 1583 quem
308 1534 469 1584 quidem
489 1534 721 1572 arbitramur
741 1548 831 1572 cum
853 1534 955 1572 offici
977 1535 1036 1572 sui
1057 1542 1094 1572 et
1115 1534 1168 1572 rei
1185 1534 1366 1584 publicae
1387 1548 1504 1572 causa

113 1616 154 1637 20
172 1599 373 1636 decretum
413 1601 621 1637 consulum
660 1601 1008 1649 comprobaturum
1047 1608 1130 1637 tum
1169 1599 1335 1637 libenter
1374 1608 1506 1638 nostra

172 1677 290 1701 causa
316 1677 401 1702 esse
428 1666 632 1703 facturum.
692 1665 911 1704 Adiuvabis
938 1665 1062 1715 igitur,
1090 1665 1143 1702 mi
1169 1664 1321 1715 Capito.
1382 1665 1504 1714 Quod

172 1737 213 1766 ut
235 1729 351 1767 facias
372 1737 410 1768 te
430 1731 683 1768 vehementer
703 1730 820 1768 etiarn
841 1738 959 1780 atque
979 1730 1096 1768 etiam
1118 1743 1223 1780 rogo.

668 1843 707 1863 12
729 1833 834 1863 Attici
850 1833 918 1864 secl.
939 1832 1025 1864 Boot
