1742 2651
129 102 197 139 IX.
222 112 282 137 xv
590 104 644 140 M.
677 103 844 139 TVLLI
876 102 1183 141 CICERONIS

221 213 408 261 quoniam
429 215 478 252 de
502 215 674 252 adventu
697 213 874 252 Caesaris
895 227 965 263 pro
986 222 1092 252 certo
1119 215 1374 262 habebamus,
1402 229 1543 265 pueros

220 284 307 315 tuos
337 279 387 316 ad
419 286 455 316 te
485 278 693 325 remittere,
718 285 759 315 ut
780 277 819 316 id
842 286 882 316 tu
904 292 1023 328 quam
1045 278 1214 328 primum
1245 278 1372 317 scires.
1433 281 1544 317 Man·
1582 293 1591 296 ’

219 343 311 380 data
348 350 415 380 tua
456 342 570 380 nobis
614 355 728 380 curae
772 350 862 380 sunt
903 356 1027 392 eaque
1066 351 1108 381 ut
1147 351 1301 393 tempus
1340 343 1544 393 postularit

218 419 389 456 agemus.
448 407 655 445 Trebatius
686 408 823 445 sedulo
850 407 941 445 facit
969 416 1010 445 ut
1037 409 1255 446 antecedat.

274 472 451 521 Epistula
471 472 692 521 conscripta
722 472 944 510 nuntiatum
976 480 1033 510 est
1064 472 1178 510 nobis
1211 473 1419 511 Caesarem
1448 486 1481 510 a.
1504 474 1540 511 d.
1564 486 1580 516 5

220 548 293 573 viil
320 539 366 574 K.
387 537 530 586 Aprilis
554 537 768 575 Beneventi
802 551 1039 584 mansurum,
1063 551 1095 575 a.
1120 539 1156 575 d.
1174 550 1230 575 vu
1255 539 1428 587 Capuae,
1449 551 1480 575 a.
1504 539 1540 575 d.

219 613 257 638 vl
282 601 498 640 Sinuessae.
559 604 650 640 Hoc
672 616 741 652 pro
762 612 868 641 certo
889 605 1096 653 putamus!

261 744 370 780 XVI
500 748 565 780 δυ’,
588 749 620 778 in
638 749 814 780 Formiano
831 750 877 780 vii
890 749 932 780 K.
952 750 1036 789 Apr.
1058 759 1086 780 a.
1108 760 1162 788 705
1180 749 1268 789 (49).

631 836 801 867 CICERO
824 837 1003 868 ATTICO
1026 836 1132 868 SAL.

181 923 197 950 1
272 914 375 953 Cum
414 915 522 963 quod
561 914 771 953 scriberem
809 916 859 953 ad
894 923 932 953 te
966 915 1061 952 nibil
1096 915 1293 962 haberem,
1329 922 1460 953 tamen
1492 928 1542 954 ne
1563 931 1600 952 10

217 992 336 1029 quem
366 979 471 1018 diem
502 979 797 1018 intermitterem
829 981 898 1018 has
928 980 1021 1018 dedi
1050 979 1206 1018 litteras.
1282 982 1329 1017 A.
1356 981 1392 1018 d.
1420 992 1459 1017 vl
1490 982 1539 1018 K.

219 1045 428 1083 Caesarem
468 1045 674 1083 Sinuessae
710 1058 936 1082 mansurum
971 1044 1216 1083 nuntiabant.
1266 1045 1331 1082 Ab
1365 1058 1412 1082 eo
1447 1044 1542 1082 mihi

218 1109 367 1148 litterae
396 1110 570 1148 redditae
600 1118 690 1147 sunt
710 1124 742 1147 a.
766 1111 803 1148 d.
827 1122 883 1147 Vll
915 1112 963 1147 K.
987 1110 1130 1159 quibus
1158 1110 1234 1147 iam
1259 1112 1401 1160 ‘opes'
1422 1123 1542 1157 meas,

219 1189 299 1213 non
330 1183 371 1212 ut
401 1175 664 1225 superioribus
694 1175 829 1213 litteris
861 1177 1023 1225 ‘opem’
1058 1182 1266 1225 exspectat.
1326 1176 1429 1214 Cum
1458 1175 1541 1213 eius

218 1241 468 1279 clementiam
491 1241 778 1280 Corfiniensem
801 1242 905 1279 illam
936 1255 1003 1291 per
1033 1241 1178 1279 litteras
1202 1241 1540 1280 conlaudavissem
1564 1253 1600 1283 15

218 1306 413 1356 rescripsit
435 1307 510 1344 hoc
531 1308 711 1356 exemplo
729 1323 735 1345 :

315 1384 557 1422 ‘CAESAR
590 1384 703 1420 IMP.
736 1383 1014 1422 CICERONI
1047 1384 1160 1421 IMP.
1193 1384 1303 1421 SAL.
1338 1383 1447 1421 DIC.

174 1467 199 1495 2
273 1461 398 1498 Recte
427 1459 624 1509 auguraris
658 1461 709 1498 de
744 1474 806 1498 me
838 1459 956 1509 (bene
990 1459 1094 1498 enim
1128 1459 1198 1498 tibi
1229 1459 1408 1509 cognitus
1438 1458 1542 1508 sum)

218 1525 313 1562 nihil
343 1539 366 1563 a
396 1538 458 1563 me
487 1525 625 1563 abesse
646 1524 798 1574 longius
820 1524 1059 1563 crudelitate.
1119 1527 1251 1575 Atque
1277 1538 1350 1575 ego
1376 1537 1466 1562 cum
1496 1537 1542 1561 ex

218 1590 301 1640 ipsa
330 1605 369 1628 re
399 1604 581 1640 magnam
608 1590 722 1640 capio
743 1592 983 1640 voluptatem
1013 1598 1096 1628 tum
1122 1604 1254 1629 meum
1285 1591 1430 1628 factum
1457 1601 1542 1638 pro·
1563 1604 1602 1626 20

216 1656 299 1694 bari
319 1657 389 1694 abs
411 1664 448 1695 te
470 1656 668 1706 triumpho
688 1656 842 1705 gaudio.
903 1657 1044 1706 Neque
1073 1656 1168 1694 illud
1191 1669 1254 1694 me
1282 1662 1412 1694 movet
1432 1655 1542 1704 quod

218 1721 240 1758 ii
263 1722 329 1771 qui
350 1735 372 1759 a
394 1735 456 1759 me
477 1721 628 1760 dimissi
653 1729 742 1759 sunt
764 1720 988 1759 discessisse
1020 1721 1204 1759 dicuntur
1225 1728 1266 1758 ut
1288 1719 1383 1757 mihi
1413 1732 1541 1757 rursus

218 1788 364 1824 bellum
394 1787 589 1825 inferrent.
650 1786 758 1824 Nihil
779 1786 884 1825 enim
912 1788 1015 1824 malo
1043 1800 1160 1836 quam
1189 1793 1227 1824 et
1252 1799 1313 1823 me
1341 1784 1417 1823 mei
1441 1783 1542 1822 simi-

174 1862 199 1899 3
218 1854 293 1890 lem
315 1866 399 1890 esse
421 1859 458 1890 et
479 1852 565 1890 illos
587 1851 656 1889 sui.
714 1853 777 1889 Tu
798 1852 914 1889 velim
945 1851 1041 1888 mihi
1067 1852 1117 1889 ad
1146 1851 1282 1888 urbem
1310 1856 1464 1900 praesto
1490 1848 1541 1886 sis

217 1925 259 1954 ut
279 1917 354 1955 tuis
375 1917 546 1955 consiliis
567 1925 684 1966 atque
705 1916 858 1966 opibuS,
881 1924 922 1954 ut
943 1915 1139 1961 consuevi,
1162 1915 1201 1952 in
1223 1914 1406 1952 omnibus
1426 1914 1541 1952 rebus
1564 1930 1600 1960 ²5

217 1990 311 2020 utar.
373 1983 579 2021 Dolabella
600 1990 668 2020 tuo
688 1981 784 2019 nihil
806 1981 903 2019 scito
926 1980 1020 2018 mihi
1041 1994 1125 2018 esse
1147 1979 1366 2018 iucundius.
1422 1981 1541 2016 Hanc

215 2049 316 2086 adeo
338 2048 494 2085 habebo
514 2047 675 2097 gratiam
704 2047 756 2084 illi
776 2061 784 2093 3
815 2060 943 2096 neque
968 2045 1073 2084 enim
1100 2045 1210 2083 aliter
1234 2046 1360 2083 facere
1386 2044 1538 2094 poterit.

215 2115 344 2151 Tanta
364 2112 446 2150 eius
468 2112 700 2158 humanitas,
725 2111 755 2148 is
777 2124 923 2156 sensus,
948 2124 993 2148 ea
1014 2110 1052 2147 in
1071 2124 1132 2148 me
1153 2117 1210 2148 est
1231 2108 1528 2147 benevolentia.’

259 2228 276 2255 4
303 2215 421 2247 sedulo
441 2216 525 2246 Crat.
543 2227 549 2246 z
574 2215 708 2245 scevola
726 2213 815 2243 RMs
947 2214 968 2243 6
991 2213 1116 2253 Aprilis
1138 2211 1325 2243 Beneventi
1346 2221 1538 2242 mansurum

215 2272 244 2291 a.
260 2262 289 2292 d.
306 2270 354 2289 vn
375 2260 461 2290 Crat.
479 2258 508 2288 L
530 2261 654 2299 (marg.
665 2262 672 2274 “
692 2258 832 2288 Rosius:
867 2267 931 2287 om.
950 2257 1049 2294 codd„
1067 2257 1163 2287 ctiam
1186 2256 1321 2295 Capuae
1346 2265 1374 2285 a.
1392 2255 1422 2285 d.
1440 2264 1475 2284 Vl
1499 2254 1540 2284 ab

216 2303 268 2333 Ml
287 2304 409 2334 omisso
550 2313 586 2341 14
612 2307 771 2341 expectat
798 2299 973 2331 EO‘3M252
1009 2305 1156 2339 expecto
1184 2297 1346 2329 CO¹RM¹
1501 2308 1536 2336 17

215 2357 350 2378 CAESAR
369 2371 375 2377 .
394 2371 400 2377 .
419 2371 425 2377 .
442 2347 493 2377 sui
522 2345 555 2385 (l.
570 2346 628 2384 24)
655 2347 688 2375 in
708 2344 900 2375 Petrarclzae
929 2346 936 2359 ‘
950 2343 1024 2373 Vita
1043 2341 1209 2373 Caesan‘s'
1233 2344 1276 2377 (c.
1302 2341 1364 2377 xx)
1496 2351 1534 2370 21

216 2392 338 2429 gaudio
356 2389 474 2421 Lamb.
491 2402 498 2420 ε
523 2390 653 2427 gaudeo
671 2382 785 2418 M¹Zlb
803 2399 809 2418 :
834 2392 867 2417 et
884 2387 1014 2426 gaudeo
1032 2386 1204 2416 Petrarclaea
1220 2383 1392 2416 EORM²s
1485 2384 1537 2422 26,

214 2446 252 2474 27
281 2435 376 2465 Hanc
394 2435 479 2464 adeo
497 2458 503 2464 ,
523 2456 530 2463 .
550 2458 555 2463 .
575 2432 714 2472 poterit]
736 2442 796 2461 nec
815 2431 889 2461 ideo
908 2455 913 2461 .
934 2455 939 2462 .
959 2454 964 2460 .
984 2435 1113 2469 poterat
1132 2429 1270 2469 lvladvig
