1742 2651
55 94 152 132 XII.
178 95 321 131 xxviii
569 94 624 131 M.
657 93 826 131 TVLLI
858 92 1164 132 CICERONIS

206 206 376 244 fecerim.
456 208 678 244 Maerorem
722 204 857 251 minui,
898 206 1076 243 dolorem
1115 217 1188 242 nec
1227 203 1337 254 potui
1376 216 1459 250 nec,
1500 202 1532 241 si

206 286 373 321 possem,
398 273 547 310 vellem.

162 344 186 381 3
261 340 322 375 De
343 337 492 375 'Priario
514 339 615 376 bene
636 336 898 387 interpretaris
915 338 1156 374 voluntatem
1170 350 1309 374 meam.
1358 337 1421 372 Tu
1441 347 1533 372 vero

205 401 301 439 nihil
333 402 405 439 nisi
436 410 476 440 ut
506 402 559 439 illi
589 403 732 439 volent.
793 404 897 439 Amo
927 401 1036 438 illum
1068 408 1278 447 mortuum,
1311 407 1415 438 tutor
1446 412 1532 436 sum

205 466 346 512 liberis,
381 475 501 504 totam
534 468 697 504 domum
735 466 865 515 diligo.
929 468 990 503 De
1023 465 1266 504 Castriciano
1300 464 1468 514 negotio,
1502 464 1532 501 si
1554 477 1570 507 5

205 531 416 570 Castricius
447 545 517 581 pro
547 531 753 580 mancipiis
784 531 994 580 pecuniam
1025 530 1203 580 accipere
1232 531 1336 568 volet
1366 543 1534 578 eamque

205 597 288 637 †ei†
310 596 406 634 solvi
428 604 469 634 ut
491 610 596 634 nunc
618 596 789 642 solvitur,
814 604 918 634 certe
948 596 1045 633 nihil
1066 603 1123 633 est
1145 595 1404 633 commodius.
1465 594 1532 632 Sin

204 669 334 699 autem
359 661 409 698 ita
429 668 560 698 actum
589 668 646 698 est
674 668 716 698 ut
744 660 827 709 ipsa
855 660 1050 710 mancipia
1079 661 1303 706 abduceret,
1328 673 1406 697 non
1437 658 1533 696 1111111

205 726 357 764 videtur
386 739 471 763 esse
500 739 671 775 aequum
695 726 822 774 (rogas
850 726 955 763 enim
983 739 1045 763 me
1075 733 1117 763 ut
1145 724 1214 762 tibi
1240 724 1407 762 scribam
1438 723 1533 772 quid

205 792 299 829 1111111
314 792 506 840 videatur)
524 806 532 837 ;
563 793 656 828 11010
673 791 777 828 enim
796 791 927 839 negoti
943 791 1137 838 Quintum
1152 791 1306 827 fratrem
1321 789 1533 838 quicquam
1557 800 1594 820 10

205 858 348 895 habere
366 872 373 901 ;
403 857 511 905 quod
528 856 663 894 videor
684 855 779 893 mihi
801 855 1036 893 intellexisse
1057 855 1126 893 tibi
1144 854 1264 892 videri
1286 854 1401 892 idem.
1462 855 1535 891 Pu-

204 921 344 967 blilius,
369 921 398 958 si
419 920 714 970 aequinoctium
737 928 946 969 exspectat,
964 928 1005 957 ut
1026 920 1162 957 scribis
1183 919 1369 957 Aledium
1390 918 1532 964 dicere,

204 986 452 1035 navigaturus
467 986 628 1023 videtur.
664 985 765 1022 Mihi
780 993 911 1023 autem
929 985 1076 1022 dixerat
1094 998 1161 1034 per
1178 984 1359 1022 Siciliam.
1394 986 1533 1020 Vtrum

203 1059 241 1088 et
262 1052 422 1100 quando
443 1050 559 1088 velim
581 1050 688 1087 scire.
755 1051 804 1087 Et
825 1049 940 1087 velim
962 1049 1187 1098 aliquando,
1211 1062 1301 1086 cum
1323 1048 1393 1086 erit
1422 1055 1533 1085 tuum

203 1118 470 1161 commodum,
510 1117 721 1153 Lentulum
755 1128 921 1164 puerum
958 1114 1059 1152 visas
1094 1114 1209 1163 eique
1243 1115 1293 1151 de
1329 1112 1533 1162 mancipiis
1558 1123 1593 1154 15

203 1195 304 1231 quae
326 1181 395 1219 tibi
417 1181 613 1219 videbitur
633 1180 832 1218 attribuas.
892 1179 1023 1226 Piliae,
1048 1179 1202 1217 Atticae
1222 1180 1398 1216 salutem.

249 1329 403 1364 XXIX
523 1331 591 1363 Ser.
612 1332 760 1363 Asturae
776 1332 834 1362 viii
844 1331 885 1362 K.
903 1331 985 1372 Apr.
1004 1342 1034 1363 a.
1055 1341 1114 1371 709
1132 1331 1214 1373 (45).

609 1419 780 1451 CICERO
806 1419 988 1451 ATTICO
1018 1418 1126 1451 SAL.

168 1521 185 1548 1
259 1510 384 1556 Silius,
409 1518 449 1548 ut
480 1510 627 1556 scribis,
651 1510 780 1548 hodie.
841 1511 936 1548 Cras
966 1509 1078 1558 igitur
1101 1510 1161 1546 vel
1188 1508 1319 1558 potius
1350 1522 1439 1547 cum
1470 1522 1536 1558 po-

205 1576 294 1613 teris
327 1575 482 1621 scribes,
515 1575 545 1613 si
578 1575 674 1624 quid
705 1575 773 1612 erit
806 1588 895 1611 cum
923 1573 1076 1611 videris.
1149 1575 1234 1611 Nec
1266 1587 1338 1623 ego
1370 1576 1533 1612 Brutum
1557 1588 1596 1608 20

205 1640 284 1677 vito
315 1654 387 1678 nec
409 1648 539 1678 tamen
561 1641 611 1677 ab
633 1653 680 1677 co
702 1639 937 1677 levationem
956 1641 1075 1676 ullam
1097 1647 1282 1688 exspecto
1300 1654 1306 1681 ς
1337 1641 1406 1677 sed
1428 1647 1535 1676 erant

205 1719 345 1743 causae
374 1719 440 1743 cur
467 1707 543 1743 hoc
571 1713 748 1754 tempore
776 1704 860 1741 istic
882 1717 966 1742 esse
988 1706 1144 1741 nollem.
1207 1706 1320 1752 Quae
1347 1704 1377 1741 si
1409 1718 1537 1742 mane-

206 1772 315 1817 bunt,
339 1772 563 1820 quaerenda
591 1770 661 1808 crit
683 1770 882 1808 excusatio
911 1771 962 1807 ad
995 1771 1157 1807 Brutum
1188 1778 1237 1816 et,
1260 1778 1301 1807 ut
1332 1783 1436 1807 nunc
1466 1777 1533 1815 est,

207 1850 412 1873 mansurae
429 1836 618 1873 videntur.

163 1912 188 1939 2
263 1902 323 1938 De
352 1901 487 1945 hortis,
517 1914 678 1949 quaeso.
713 1900 872 1949 explica.
934 1901 1064 1950 Caput
1099 1900 1194 1937 illud
1224 1907 1281 1938 est
1311 1901 1418 1949 quod
1448 1900 1533 1937 scis.
1559 1912 1596 1942 25

207 1966 389 2015 Sequitur
417 1974 458 2003 ut
488 1965 605 2003 etiam
640 1965 734 2002 mihi
766 1965 838 2015 ipsi
871 1965 1061 2014 quiddam
1093 1978 1191 2015 opus
1222 1965 1294 2009 sit3
1328 1978 1401 2002 nec
1431 1965 1535 2002 enim

207 2044 291 2069 esse
317 2031 354 2068 in
384 2031 496 2068 turba
520 2044 681 2080 possum
710 2044 782 2068 nec
803 2045 825 2068 a
846 2030 957 2067 vobis
981 2031 1129 2068 abesse.
1192 2030 1298 2067 Huic
1329 2044 1418 2067 meo
1448 2044 1538 2067 con-

208 2096 295 2134 silio
334 2096 429 2133 1111111
464 2096 614 2146 reperio
645 2096 718 2133 isto
748 2097 836 2133 loco
867 2095 995 2145 aptius
1028 2103 1065 2133 et
1097 2097 1147 2133 de
1182 2097 1254 2133 hac
1286 2109 1324 2133 re
1355 2095 1449 2144 quid
1482 2095 1537 2133 tui

254 2210 271 2239 7
298 2199 344 2239 ei]
363 2200 412 2229 eis
429 2210 456 2229 v.
475 2210 497 2229 c.
516 2211 522 2229 τ
557 2199 617 2229 sibi
636 2199 664 2228 L
684 2199 821 2239 (mm-g.)
840 2198 1042 2229 Ascensz'ns:
1076 2199 1122 2228 ita
1144 2198 1265 2238 Tyrrell
1413 2210 1445 2228 11
1475 2199 1537 2229 Pu-

209 2243 320 2273 blilius
338 2243 457 2273 Rosius
475 2255 481 2271 r
505 2243 641 2273 Publius
658 2242 697 2271 M
856 2253 893 2271 12
918 2243 1031 2272 dicere
1048 2246 1118 2273 vett.
1134 2254 1140 2272 :
1166 2243 1288 2272 ducere
1307 2242 1347 2271 M
1501 2244 1539 2272 16

213 2286 316 2316 Piliae
335 2292 367 2316 et
384 2286 518 2316 Atticae
543 2290 612 2317 vell.
735 2296 772 2325 19
796 2289 870 2315 ante
885 2286 938 2316 vel
956 2287 1073 2316 habent
1090 2296 1165 2315 eum
1185 2285 1215 2314 O
1230 2296 1260 2316 v.
1279 2296 1303 2316 c.
1322 2279 1375 2325 ΖΒ,
1396 2296 1469 2316 cum
1489 2286 1536 2325 M,

212 2330 297 2359 unde
317 2335 351 2359 tu
377 2329 476 2359 Klotz
494 2329 552 2365 (cd.
578 2330 608 2367 1)
708 2331 749 2359 28
771 2333 845 2369 post
867 2339 901 2359 re
922 2329 1049 2368 aliquid
1068 2330 1152 2359 velut
1166 2329 1265 2359 velim
1283 2330 1370 2359 scire
1390 2329 1538 2369 (Miiller)

210 2374 260 2403 vel
282 2373 416 2412 requiro
428 2374 546 2413 perisse
562 2373 689 2402 videtur
