1742 2651
90 813 128 834 lO

78 2123 120 2153 30

558 105 671 141 EPP.
703 105 781 141 AD
812 105 1068 143 ATTICVM
1409 105 1518 143 XVI.
1541 115 1571 142 v

149 215 228 252 Sed
266 221 397 252 tamen
437 213 602 252 rumoris
642 214 776 252 nescio
815 214 910 264 quid
948 215 1159 252 adflaverat
1198 213 1479 253 commissione

150 281 389 317 Graecorum
436 279 693 328 frequentiam
740 293 819 317 non
865 279 1009 326 fuisse3
1060 281 1169 328 quod
1208 279 1369 329 quidem
1416 293 1479 318 me

150 342 311 381 minime
354 343 514 390 fefellitg
561 344 636 382 scis
677 343 782 382 enim
823 344 919 393 quid
963 357 1035 393 ego
1079 345 1128 382 de
1170 344 1330 382 Graecis
1376 344 1478 383 ludis

148 408 376 446 existimem.

203 475 320 511 Nunc
349 473 441 511 audi
472 475 579 523 quod
610 474 729 523 pluris
759 482 817 512 est
847 487 965 523 quam
996 474 1139 511 omnia.
1201 474 1373 523 Quintus
1403 474 1477 512 fuit
1495 482 1520 510 2

148 551 302 575 mecum
334 538 417 576 dies
447 539 659 588 compluris
689 547 740 585 et,
769 539 800 576 si
835 552 907 588 ego
941 552 1140 588 cuperem,
1172 539 1235 578 ille
1266 541 1326 577 vel
1358 539 1478 589 pluris

147 602 306 650 fuisset,·
335 604 404 641 sed
426 617 544 653 quam
567 603 633 642 diu
655 604 736 650 fuit,
756 603 985 642 incredibile
1006 611 1064 642 est
1085 618 1203 653 quam
1224 617 1287 642 me
1308 604 1347 641 in
1369 603 1478 642 omni

145 682 287 717 genere
319 669 521 706 delectarit
556 669 594 706 in
629 683 756 719 eoque
791 668 960 707 maxime
994 668 1033 706 in
1065 683 1144 719 quo
1184 669 1347 707 minime
1385 669 1477 708 satis

147 733 325 771 faciebat.
385 734 448 772 Sic
478 734 582 772 enim
613 742 879 772 commutatus
909 742 967 773 est
997 741 1102 772 totus
1132 742 1170 772 et
1200 734 1352 784 scriptis
1380 734 1476 773 meis

146 799 384 848 quibusdam
417 814 517 849 quae
549 800 588 837 in
621 799 802 837 manibus
837 800 1032 837 habebam
1065 807 1102 837 et
1131 799 1368 838 adsiduitate
1398 814 1479 838 ora-

147 864 262 902 tionis
295 874 331 903 et
360 865 576 915 praeceptis
608 873 650 903 ut
679 865 744 903 tali
776 865 909 902 animo
939 865 977 902 in
1013 879 1093 903 rem
1133 865 1331 914 publicam
1371 865 1477 915 quali

146 944 217 967 nos
243 932 424 968 volumus
454 932 604 968 futurus
634 930 691 967 sit.
755 932 847 968 Hoc
877 944 967 968 cum
998 929 1093 967 mihi
1124 944 1204 967 non
1236 931 1356 969 modo
1386 945 1476 970 con-

146 995 336 1033 firmasset
381 997 450 1033 sed
499 996 617 1034 etiam
663 995 929 1045 persuasisset,
968 995 1045 1045 egit
1091 1009 1247 1033 mecum
1296 1004 1477 1035 accurate

146 1060 277 1098 multis
307 1061 434 1099 verbis
463 1060 533 1099 tibi
564 1068 605 1098 ut
633 1062 870 1110 sponderem
902 1074 943 1098 se
973 1060 1136 1110 dignum
1167 1068 1205 1098 et
1233 1068 1270 1099 te
1297 1069 1335 1099 et
1362 1061 1478 1100 nobis

108 1140 122 1170 g
146 1126 317 1163 futurum
334 1141 344 1174 3
378 1140 507 1176 neque
537 1139 579 1165 se
608 1127 804 1176 postulare
834 1133 875 1163 ut
905 1125 1036 1164 statim
1066 1127 1245 1164 crederes
1275 1127 1356 1173 sed,
1385 1141 1476 1165 cum

145 1189 228 1239 ipse
249 1191 524 1241 perspexisses,
546 1199 629 1229 tum
650 1199 693 1230 ut
713 1205 754 1229 se
774 1204 936 1229 amares.
996 1192 1118 1239 Quod
1139 1190 1213 1229 nisi
1238 1192 1358 1230 fidem
1379 1192 1475 1231 mihi

144 1256 299 1294 fecisset
338 1256 654 1307 iudicassemque
694 1257 769 1294 hoc
801 1257 911 1305 quod
949 1255 1040 1294 dico
1079 1257 1235 1294 firmum
1268 1257 1360 1304 fore,
1394 1271 1475 1296 non

144 1321 323 1360 fecissem
350 1322 390 1360 id
411 1324 519 1372 quod
547 1323 721 1361 dicturus
749 1336 848 1360 sum.
908 1322 1013 1360 Duxi
1037 1322 1143 1361 enim
1168 1336 1323 1361 mecum
1344 1325 1475 1362 adule-

143 1394 318 1425 scentem
357 1389 407 1426 ad
448 1390 624 1426 Brutum.
684 1388 747 1426 Sic
787 1387 821 1426 ei
860 1387 1070 1437 probatum
1109 1394 1168 1425 est
1205 1389 1314 1437 quod
1352 1390 1404 1427 ad
1437 1397 1475 1428 te

86 1466 100 1486 2
143 1452 272 1490 scribo
302 1461 343 1490 ut
374 1453 457 1503 ipse
486 1453 706 1500 crediderit,
739 1467 802 1491 me
834 1466 1065 1502 sponsorem
1097 1452 1275 1502 accipere
1307 1454 1476 1493 noluerit

142 1530 314 1566 eumque
348 1519 513 1557 laudans
545 1518 781 1557 amicissime
818 1517 1061 1556 mentionem
1101 1517 1157 1556 tui
1192 1517 1340 1567 fecerit,
1371 1532 1476 1557 com-

141 1583 277 1631 plexus
307 1585 586 1634 osculatusque
619 1583 820 1622 dimiserit.
881 1584 1014 1631 Quam
1045 1583 1098 1621 ob
1129 1596 1211 1621 rem
1246 1583 1317 1621 etsi
1352 1584 1475 1634 magis

141 1654 199 1685 est
229 1649 338 1697 quod
366 1651 534 1698 gratuler
564 1649 634 1687 tibi
664 1663 782 1699 quam
813 1649 922 1698 quod
952 1656 989 1685 te
1019 1660 1163 1697 rogem,
1193 1654 1326 1686 tamen
1356 1648 1474 1687 etiam

141 1725 236 1761 rogo
266 1720 318 1758 ut,
351 1713 381 1750 si
412 1727 513 1763 quae
545 1714 675 1752 minus
704 1722 819 1751 antea
851 1720 1009 1763 propter
1038 1711 1304 1750 infirmitatem
1335 1713 1474 1752 aetatis

105 1793 118 1823 ς
141 1785 366 1816 constanter
385 1780 435 1817 ab
457 1793 504 1818 eo
532 1779 613 1817 fieri
634 1779 878 1827 videbantur,
902 1792 948 1817 ea
974 1777 1124 1816 iudices
1146 1777 1255 1815 illum
1282 1777 1473 1818 abiecisse

140 1841 316 1892 mihique
342 1846 478 1882 credas
503 1847 669 1883 multum
696 1847 913 1884 adlaturam
941 1845 1002 1882 vel
1028 1842 1241 1893 plurimum
1266 1843 1396 1894 potius
1419 1846 1471 1884 ad

139 1906 241 1946 illius
261 1908 450 1947 iudicium
472 1912 787 1949 confirmandum
808 1909 1082 1949 auctoritatem
1103 1916 1222 1947 tuam.

193 1975 316 2012 Bruto
345 1989 435 2012 cum
468 1989 585 2025 saepe
619 1975 840 2014 iniecissem
874 1977 925 2014 de
960 1976 1155 2026 ὁμοπλοίᾳ,
1193 1988 1274 2012 non
1306 1974 1512 2025 perinde3

137 2045 256 2087 atque
276 2052 348 2088 ego
376 2048 554 2089 putaram
577 2040 754 2090 adripere
774 2040 879 2079 visus
903 2048 971 2079 est.
1032 2039 1317 2078 Existimabam
1340 2057 1470 2090 μετεω-

137 2104 287 2153 ρότερον
306 2118 401 2151 esse,
428 2112 466 2142 et
494 2106 650 2143 hercule
675 2113 755 2143 erat
775 2113 813 2143 et
841 2105 1010 2144 maxime
1033 2106 1084 2144 de
1105 2104 1219 2144 ludis.
1278 2107 1331 2143 At
1359 2104 1466 2153 mihi,

138 2182 229 2206 cum
257 2171 308 2208 ad
338 2170 470 2207 villam
500 2169 703 2215 redissem,
730 2172 802 2209 Cn.
827 2170 1021 2208 Lucceius
1053 2169 1120 2219 qui
1151 2171 1319 2207 multum
1349 2169 1469 2207 utitur

138 2234 260 2271 Bruto
294 2235 460 2272 narravit
489 2234 599 2272 illum
629 2236 743 2273 valde
772 2235 914 2273 morari
944 2249 1024 2273 non
1051 2234 1368 2285 tergiversantem
1396 2235 1467 2273 sed

181 2348 200 2366 2
223 2338 314 2376 quod
340 2349 368 2368 v.
383 2350 405 2368 c.
434 2337 463 2367 L
483 2338 623 2378 (mmg.)
642 2349 650 2368 ε
677 2349 743 2378 que
770 2338 809 2368 M
897 2349 914 2377 7
939 2349 1038 2378 quam
1057 2339 1113 2369 diu
1138 2339 1279 2369 Lamb.:
1302 2343 1465 2378 quantum

136 2380 222 2411 codd.
243 2394 248 2412 ε
273 2387 434 2420 quantum
447 2386 608 2421 quantum
627 2381 755 2412 Moser:
781 2387 862 2422 quot
879 2382 964 2413 Reid

179 2446 240 2467 cxc.
261 2446 309 2466 AD
328 2446 401 2466 ATT.
1335 2438 1377 2468 36
