1742 2651
127 638 145 671 5

109 963 147 986 10

106 1610 146 1633 20

574 146 686 182 EPP.
720 146 797 182 Al)
827 146 1086 184 ATTICVM
1463 149 1511 186 X.
1529 150 1575 186 ix

212 301 280 337 IX
454 304 522 337 Ser.
543 306 577 336 2¹11
598 306 752 337 Ctmzcmo
769 317 788 336 v
803 305 888 336 Non.
909 305 990 337 Mai.
1011 317 1041 338 a.
1065 316 1120 346 705
1137 307 1223 348 (49).

585 405 756 436 CICERO
778 405 957 436 ATTICO
982 405 1087 437 SAL.

222 495 428 533 Adventus
464 494 664 533 Philotimi
698 495 752 545 (at
786 495 896 532 cuius
928 495 1110 541 hominis,
1145 507 1263 544 quarn
1296 495 1431 534 insulsi
1466 504 1504 536 et
1525 509 1542 536 1

167 572 286 608 quam
326 573 442 609 saepe
476 574 546 610 pro
580 559 770 610 Pompeio
805 559 1030 598 mentientis
1048 560 1071 610 l)
1107 560 1341 598 exanimavit
1376 561 1504 599 omnis

167 623 234 674 qui
260 638 415 662 mecum
441 632 574 671 erant3
604 638 695 662 nam
723 624 806 674 ipse
835 625 1016 662 obdurui.
1078 625 1296 663 Dubitabat
1327 633 1503 664 nostrum

167 702 286 727 nemo
325 690 420 739 quin
460 691 604 729 Caesar
645 689 782 728 itinera
827 690 1293 740 repressisset——volare
1332 690 1474 729 dicitur
1495 705 1505 738 ;

166 754 342 792 Petreius
388 768 478 792 cum
518 754 681 793 Afranio
726 754 992 793 coniunxisset
1030 755 1219 792 se-nihil
1258 757 1382 794 adfert
1421 755 1503 793 eius

167 819 286 857 modi.
348 819 456 868 Quid
488 819 671 869 quaeris?
714 819 830 858 etiam
865 820 962 859 illud
1001 828 1081 858 erat
1113 833 1353 870 persuasum,
1390 822 1502 860 Pom-

167 883 299 934 peium
324 898 414 922 cum
446 883 595 934 magnis
623 884 746 934 copiis
774 884 844 923 iter
870 885 910 922 in
933 885 1185 923 Germaniam
1213 899 1282 936 per
1305 885 1502 935 Illyricum

167 949 332 995 fecisse:
373 949 413 987 id
453 950 558 987 enim
593 950 809 990 αὐθεντικῶς
842 950 1106 988 nuntiabatur.
1168 951 1348 989 Melitam
1388 951 1503 1001 igitur

166 1013 306 1063 opinor
332 1027 594 1064 capessamus,
617 1016 712 1053 dum
740 1015 836 1065 quid
866 1015 904 1052 in
929 1015 1132 1065 Hispania.
1195 1017 1315 1064 Quod
1340 1016 1501 1066 quidem

165 1092 287 1129 prope
322 1080 486 1117 modum
521 1079 656 1118 videor
689 1094 735 1118 ex
768 1080 946 1119 Caesaris
978 1081 1112 1119 litteris
1144 1083 1344 1120 voluntate
1376 1083 1502 1120 facere

165 1156 292 1193 posse,
325 1143 391 1192 qui
422 1152 537 1194 negat
568 1158 697 1194 neque
728 1145 931 1183 honestius
963 1159 1092 1195 neque
1122 1145 1241 1184 tutius
1272 1145 1366 1183 mihi
1397 1145 1501 1195 quio

166 1221 285 1257 quam
326 1221 411 1246 esse
450 1221 569 1258 quam
609 1209 659 1247 ab
702 1209 810 1247 omni
849 1209 1105 1248 contentione
1149 1210 1297 1249 abesse.
1367 1210 1543 1258 Dices,2

169 1273 269 1311 ‘Vbi
291 1287 381 1323 ergo
402 1282 491 1311 tuus
512 1273 576 1312 ille
602 1273 756 1312 animus
778 1288 896 1324 quem
921 1275 1106 1324 proximis
1131 1275 1265 1313 litteris
1282 1277 1318 1312 ?'
1375 1277 1501 1314 Adest

165 1346 203 1376 et
237 1338 343 1377 idem
376 1347 457 1385 est3
498 1340 568 1377 sed
600 1339 748 1377 utinam
782 1353 871 1378 meo
903 1342 1030 1378 solum
1065 1340 1192 1390 capite
1224 1342 1499 1379 decernerem!

166 1404 369 1442 Lacrimae
397 1418 573 1442 meorum
602 1418 664 1443 me
690 1405 888 1443 interdum
914 1405 1095 1444 molliunt
1122 1405 1365 1455 precantium
1388 1414 1429 1443 ut
1449 1407 1500 1444 de

167 1469 371 1519 Hispaniis
401 1477 683 1519 exspectemus.
749 1471 803 1507 M.
838 1470 947 1509 Caeli
979 1470 1140 1520 quidem
1176 1471 1381 1520 epistulam
1412 1470 1500 1509 scri-

165 1543 272 1585 ptam
295 1535 574 1582 miserabiliter,
591 1549 681 1573 cum
702 1537 778 1573 hoc
795 1534 900 1573 idem
915 1536 1136 1574 obsecraret
1157 1543 1198 1573 ut
1219 1543 1497 1585 exspectarem,

165 1614 215 1638 ne
244 1601 418 1638 fortunas
450 1614 567 1647 meas,
599 1614 648 1639 ne
678 1600 838 1638 unicum
874 1600 1008 1646 filium,
1041 1614 1091 1638 ne
1121 1614 1230 1638 meos
1260 1600 1389 1639 omnis
1419 1608 1498 1639 tam

164 1673 310 1704 temere
350 1667 566 1716 proderem,
608 1680 688 1705 non
727 1666 811 1704 sine
855 1679 998 1716 magno
1041 1667 1134 1704 fletu
1176 1668 1351 1716 legerunt
1390 1665 1499 1716 pueri

163 1731 307 1777 nostri:
347 1731 416 1769 etsi
449 1746 559 1770 meus
589 1732 750 1782 quidem
778 1740 835 1770 est
862 1731 996 1770 fortior
1023 1745 1150 1781 eoque
1181 1731 1266 1781 ipso
1292 1733 1499 1770 vehemen-

163 1796 238 1834 tius
259 1805 483 1835 commovet
504 1811 577 1836 nec
597 1798 809 1848 quicquam
831 1797 904 1835 nisi
926 1798 975 1835 de
996 1796 1224 1846 dignatione
1244 1797 1404 1834 laborat.

219 1862 399 1900 Melitam
429 1862 552 1912 igitur,
582 1863 726 1902 deinde
756 1877 836 1913 quo
864 1862 1070 1901 videbitur.
1130 1863 1193 1899 Tu
1220 1869 1351 1900 tamen
1378 1861 1495 1900 etiam
1515 1872 1540 1910 3

129 1938 142 1969 .'
165 1943 270 1967 nunc
298 1929 392 1967 mihi
413 1929 561 1979 aliquid
582 1930 794 1968 litterarum
822 1939 860 1969 et
887 1929 1055 1968 maxime
1076 1928 1105 1966 si
1128 1928 1224 1978 quid
1250 1928 1300 1966 ab
1321 1927 1493 1967 Afranio.

166 1995 250 2044 Ego
272 1994 302 2032 si
323 2008 413 2032 cum
436 1994 612 2033 Antonio
632 1997 785 2033 locutus
814 2009 890 2042 ero,
914 1995 1081 2034 scribam
1112 1995 1162 2031 ad
1192 2001 1229 2031 te
1250 1992 1346 2042 quid
1365 2001 1497 2031 actum

163 2057 222 2096 sit.
283 2060 361 2096 Ero
383 2067 514 2097 tamen
535 2059 574 2096 in
595 2061 804 2105 credendo,
829 2068 870 2098 ut
892 2074 1040 2107 mones,
1064 2067 1201 2097 cautus
1217 2073 1225 2106 3
1259 2071 1350 2096 nam
1372 2059 1499 2096 occul-

206 2147 228 2175 6
251 2146 364 2176 volare
383 2147 472 2183 vulg.
493 2159 499 2176 :
523 2150 581 2177 tuo
596 2146 712 2177 volare
735 2147 796 2177 M:
822 2148 922 2177 immo
940 2146 1055 2177 volare
1077 2145 1229 2178 Schmidt
1382 2155 1399 2184 7
1424 2149 1500 2176 ante

166 2188 321 2219 Petreius
338 2189 412 2220 add.
436 2190 566 2220 Dicitur
582 2189 667 2220 Boot
773 2191 1010 2221 coniunxisset
1038 2201 1075 2221 se
1104 2191 1245 2222 Rosius:
1279 2189 1498 2220 coniunxisse

164 2231 252 2262 codd.
272 2244 279 2263 z
304 2233 522 2264 coniunxisse
539 2244 576 2263 se
592 2234 671 2264 coni.
686 2234 771 2264 Boot
879 2245 900 2273 9
924 2235 1139 2265 Germaniam
1159 2234 1216 2264 M:
1241 2233 1383 2265 Galliam
1403 2233 1497 2262 ‘alii’

164 2280 213 2314 ap.
234 2275 423 2306 Corradmn
439 2288 478 2307 ex
492 2278 522 2307 6.
542 2277 663 2316 3,s0rt.
682 2280 755 2307 recte
868 2288 905 2316 15
930 2288 1013 2316 ergo
1032 2282 1107 2308 tuus
1125 2278 1181 2309 ille
1195 2273 1239 2307 Zb
1256 2276 1372 2308 codices
1388 2276 1495 2306 Μαῖα-

163 2319 295 2357 spinae:
320 2319 375 2349 ille
392 2330 473 2359 ergo
495 2325 572 2350 tuus
600 2320 641 2350 M
765 2322 805 2351 16
828 2322 916 2351 ι’ῃεῑοἼ
938 2323 978 2352 de
996 2332 1071 2351 meo
1089 2322 1174 2352 Rati
1296 2331 1338 2350 20
1362 2320 1494 2350 unicum

165 2361 268 2391 filium
288 2362 455 2393 Corradus
478 2364 573 2393 Alffcm.
593 2364 662 2395 coll.
680 2374 701 2403 9
717 2374 738 2394 Α
753 2375 792 2394 2:
819 2365 952 2395 unicam
970 2365 1071 2395 filiam
1090 2365 1131 2395 M
1239 2376 1280 2395 22
1304 2367 1379 2393 ante
1394 2363 1494 2393 vehe-

165 2405 311 2436 mentius
323 2406 440 2436 addere
456 2417 509 2437 me
526 2407 597 2437 vult
624 2406 810 2448 Wesenbmg
922 2418 962 2446 23
987 2409 1153 2448 dignitate
1171 2408 1265 2438 codex
1279 2407 1491 2438 Bessan-*oms

154 2448 235 2486 sort.
256 2453 329 2478 recle
460 2461 499 2488 24
525 2461 589 2489 quo
609 2451 659 2480 F:
683 2452 773 2490 quod
793 2451 834 2481 M

209 2513 270 2534 εις.
292 2513 339 2533 AD
356 2513 429 2535 ATT.
1368 2508 1408 2537 23
