1742 2651
48 106 142 143 XII.
163 106 224 142 xli
539 107 593 144 M.
627 107 795 144 TVLLI
827 106 1135 145 CICERONIS

173 217 326 264 iniuste,
362 218 499 257 Cusini
528 226 565 256 et
597 218 782 257 Treboni.
844 220 945 257 Puto
980 219 1136 257 tertium
1167 233 1252 258 esse
1281 220 1499 265 dominum,

175 283 361 321 Rebilum
398 283 515 321 fuisse
550 291 656 322 certo
696 283 790 321 scio.
849 283 916 321 Sin
955 292 1087 322 autem
1127 284 1197 323 tibi
1232 287 1502 323 Tusculanum

174 350 311 398 placet,
336 356 377 386 ut
398 348 623 398 significasti
645 348 884 398 quibusdam
905 348 1051 395 litteris,
1071 349 1141 387 tibi
1161 350 1367 388 adsentiar.
1411 352 1504 388 Hoc

174 413 335 462 quidem
366 413 500 462 utique
530 413 718 462 perficies,
742 413 773 450 51
803 427 866 450 1116
896 413 1013 451 levari
1040 413 1107 460 vis,
1130 427 1249 463 quem
1280 414 1356 451 iam
1386 413 1503 451 etiam

173 478 324 528 gravius
358 492 520 516 accusas
552 492 670 527 quam
710 478 855 527 patitur
894 486 960 516 tua
1001 481 1260 525 consuetudo,
1302 480 1371 517 sed
1410 478 1504 516 facis
1527 489 1540 497 ”

174 557 331 581 5111111110
359 557 493 581 amore
523 551 560 581 et
581 543 705 580 victus
735 545 897 581 fortasse
918 543 1012 581 vitio
1044 557 1142 581 meo.
1205 546 1281 582 Sed
1312 553 1444 581 tamen
1474 543 1505 580 si

174 622 237 646 me
267 608 383 646 levari
414 608 481 655 vis,
515 609 610 646 haec
641 616 699 646 est
729 622 884 646 summa
914 609 1055 646 levatio
1085 611 1156 655 vel,
1187 609 1217 646 si
1243 622 1377 648 verum
1408 608 1506 646 scire

174 674 241 721 vis,
266 688 352 711 una.

129 750 155 787 4
232 739 335 776 Hirti
367 739 574 789 epistulam
610 739 639 777 si
673 739 820 789 legeris,
858 753 959 789 quae
992 739 1087 777 mihi
1123 739 1233 789 quasi
1271 740 1505 789 πρόπλαο-μα

175 804 327 842 videtur
348 804 429 842 eius
455 804 749 854 vituperationis
777 818 896 854 quam
919 805 1063 843 Caesar
1090 804 1242 853 scripsit
1266 806 1317 843 de
1338 806 1500 851 Catone,

174 870 292 907 facies
314 883 376 907 me
397 870 493 919 quid
515 869 585 907 tibi
607 869 733 907 visum
755 870 813 915 sit,
838 869 868 906 si
891 869 961 907 tibi
982 869 1052 907 erit
1079 870 1348 916 commodum,
1371 870 1506 908 certio-

174 948 265 972 rem.
327 936 467 972 Redeo
496 935 547 972 acl
578 936 723 972 fanum.
784 934 871 972 Nisi
902 936 975 972 hac
1004 942 1152 972 aestate
1181 935 1406 972 absolutum
1435 934 1505 972 erit

173 1013 292 1049 quam
324 999 432 1038 vides
472 999 662 1050 integram
702 1008 855 1046 restare,
897 1001 1042 1038 scelere
1082 1013 1144 1037 me
1184 999 1390 1037 liberatum
1425 1012 1504 1037 non

173 1065 333 1115 putabo.

217 1211 346 1245 XLII
494 1213 563 1246 Ser.
585 1214 732 1244 Asturae
748 1214 787 1245 vi.
807 1213 857 1245 Id.
875 1214 957 1245 Mai.
976 1225 1007 1246 a.
1027 1224 1085 1254 709
1106 1215 1187 1255 (45).

584 1303 751 1334 CICERO
782 1302 963 1333 ATTICO
993 1303 1098 1333 SAL.

137 1402 154 1429 1
230 1393 393 1430 Nullum
418 1406 441 1431 a
466 1400 503 1431 te
533 1392 751 1431 desideravi
782 1392 887 1430 diem
919 1392 1157 1439 litterarum3
1188 1391 1370 1430 videbam
1399 1392 1503 1430 enim

174 1471 275 1507 quae
306 1458 453 1505 scribis,
486 1466 524 1496 et
555 1466 686 1496 tamen
717 1457 944 1508 suspicabar
974 1459 1033 1495 vel
1066 1457 1196 1507 potius
1229 1457 1503 1507 intellegebam

174 1523 270 1560 1111111
292 1524 410 1562 fuisse
431 1525 539 1573 quod
567 1524 781 1571 scriberes3
810 1537 842 1561 a.
867 1525 903 1561 d.
930 1536 968 1560 vi
999 1524 1095 1561 Idus
1116 1537 1208 1561 vero
1235 1531 1272 1561 et
1302 1524 1440 1561 abesse
1467 1531 1504 1561 te

174 1590 362 1638 putabam
383 1597 421 1627 et
448 1591 564 1639 plane
585 1589 768 1627 videbam
796 1588 893 1625 1111111
915 1596 952 1626 16
973 1589 1128 1626 habere.
1190 1590 1274 1638 Ego
1301 1596 1433 1626 tamen
1453 1589 1504 1626 ad
1527 1608 1529 1610 v

174 1662 211 1692 te
246 1656 324 1692 fere
358 1654 504 1692 cotidie
536 1654 714 1696 mittam;
756 1656 860 1691 malo
893 1653 998 1692 enim
1034 1655 1172 1691 frustra
1204 1667 1322 1703 quam
1355 1661 1392 1691 te
1423 1666 1504 1691 non

174 1720 318 1758 habere
357 1719 419 1757 cui
459 1721 539 1766 des,
581 1719 612 1757 si
651 1719 748 1769 quid
786 1721 885 1757 forte
925 1719 973 1756 sit
1011 1720 1120 1768 quod
1158 1727 1272 1768 putes
1307 1732 1369 1757 me
1407 1718 1505 1757 scire

173 1793 363 1835 oportere.
426 1787 565 1834 Itaque
586 1784 721 1834 accepi
744 1797 782 1821 vl
807 1786 903 1822 Idus
924 1784 1069 1822 litteras
1091 1791 1176 1821 tuas
1198 1783 1335 1821 inanis.
1396 1783 1504 1832 Quid

173 1851 279 1889 enim
311 1851 485 1889 habebas
516 1851 624 1900 quod
655 1850 873 1889 scriberes?
931 1850 990 1887 Mi
1021 1857 1152 1888 tamen
1184 1849 1280 1887 illud
1314 1849 1504 1898 quicquid

174 1926 254 1956 erat
276 1932 355 1956 non
378 1919 588 1956 molestum
610 1917 692 1964 fuit,
712 1922 756 1954 ut
774 1916 870 1954 nihil
891 1916 1009 1963 aliud,
1029 1915 1126 1954 scire
1154 1929 1217 1954 me
1237 1915 1328 1954 novi
1349 1922 1387 1953 te
1407 1914 1504 1952 1111111
1526 1931 1540 1952 2

174 1984 328 2021 habere.

230 2048 424 2098 Scripsisti
446 2056 578 2087 tamen
604 2048 738 2087 nescio
761 2047 856 2098 quid
884 2048 934 2086 de
956 2046 1107 2086 Clodia.
1167 2045 1246 2085 Vbi
1271 2059 1362 2096 ergo
1383 2058 1428 2083 ea
1449 2052 1506 2083 est

176 2121 242 2151 aut
274 2115 435 2163 quando
470 2116 660 2152 ventura?
719 2115 852 2151 Placet
891 2112 985 2149 1111111
1025 2126 1084 2150 165
1124 2111 1178 2150 sic
1211 2119 1252 2148 ut
1286 2111 1505 2149 secundum

135 2188 160 2216 2
179 2180 381 2218 Othonem
414 2179 510 2216 nihil
539 2178 671 2228 magis.
732 2179 810 2216 Sed
839 2191 969 2226 neque
1001 2178 1103 2215 hanc
1133 2175 1378 2214 vendituram
1409 2182 1506 2225 puto

225 2295 235 2313 1
266 2284 401 2314 tertium
422 2278 481 2314 Zl:
515 2283 696 2314 terentium
724 2282 765 2312 M
896 2292 914 2311 2
939 2286 1032 2311 certo
1048 2284 1116 2311 vett.
1136 2292 1143 2311 z
1171 2284 1263 2310 certe
1283 2279 1325 2309 M
1469 2288 1503 2309 11

178 2339 229 2358 1116
249 2328 296 2358 C:
323 2339 386 2358 om.
408 2326 449 2356 M
577 2337 619 2365 25
644 2335 678 2356 ut
696 2326 771 2356 add.
789 2324 930 2355 Miiller:
965 2325 992 2355 si
1013 2324 1089 2355 add.
1110 2323 1248 2363 Madvtg
1316 2322 1399 2352 1111111
1417 2322 1506 2352 aliud

177 2372 264 2401 scire
286 2382 350 2405 me,
366 2369 475 2412 (nisi)
493 2370 569 2400 novi
597 2370 782 2400 Gronovius
951 2378 990 2407 27
1017 2367 1192 2407 Scripsisti
1209 2366 1303 2398 Man.
1322 2378 1329 2397 z
1364 2365 1507 2405 Scripsti

176 2416 255 2445 coni.
278 2414 410 2445 Baiter:
435 2414 554 2453 scripsi
574 2412 614 2443 M
