<?xml version="1.0" encoding="UTF-8"?>
<!DOCTYPE html PUBLIC "-//W3C//DTD XHTML 1.0 Transitional//EN"
    "http://www.w3.org/TR/xhtml1/DTD/xhtml1-transitional.dtd">
<html xmlns="http://www.w3.org/1999/xhtml" xml:lang="en" lang="en">
 <head>
  <title>
</title>
<meta http-equiv="Content-Type" content="text/html;charset=utf-8" />
  <meta name='ocr-system' content='tesseract 3.04.00' />
  <meta name='ocr-capabilities' content='ocr_page ocr_carea ocr_par ocr_line ocrx_word'/>
</head>
<body>
  <div class='ocr_page' id='page_1' title='image "./p2epistulaerecog02ciceuoft_0226.png"; bbox 0 0 1742 2651; ppageno 0'>
   <div class='ocr_carea' id='block_1_1' title="bbox 58 94 1168 133">
    <p class='ocr_par' dir='ltr' id='par_1_1' title="bbox 58 94 1168 133">
     <span class='ocr_line' id='line_1_1' title="bbox 58 94 1168 133; baseline -0.001 -1"><span class='ocrx_word' id='word_1_1' title='bbox 58 96 168 133; x_wconf 87' lang='lat' dir='ltr'><strong>XIV.</strong></span> <span class='ocrx_word' id='word_1_2' title='bbox 189 95 266 131; x_wconf 87' lang='lat' dir='ltr'>xiv</span> <span class='ocrx_word' id='word_1_3' title='bbox 574 96 628 132; x_wconf 90' lang='lat' dir='ltr'>M.</span> <span class='ocrx_word' id='word_1_4' title='bbox 661 95 828 131; x_wconf 91' lang='lat' dir='ltr'>TVLLI</span> <span class='ocrx_word' id='word_1_5' title='bbox 861 94 1168 132; x_wconf 82' lang='lat' dir='ltr'>CICERONIS</span> 
     </span>
    </p>
   </div>
   <div class='ocr_carea' id='block_1_2' title="bbox 82 203 1600 1884">
    <p class='ocr_par' dir='ltr' id='par_1_2' title="bbox 159 203 1599 904">
     <span class='ocr_line' id='line_1_2' title="bbox 210 203 1534 254; baseline 0 -12"><span class='ocrx_word' id='word_1_6' title='bbox 210 205 317 243; x_wconf 86' lang='lat' dir='ltr'>bitne</span> <span class='ocrx_word' id='word_1_7' title='bbox 337 205 494 243; x_wconf 78' lang='lat' dir='ltr'>decerni</span> <span class='ocrx_word' id='word_1_8' title='bbox 512 205 664 243; x_wconf 89' lang='lat' dir='ltr'>libere?</span> <span class='ocrx_word' id='word_1_9' title='bbox 703 204 742 241; x_wconf 82' lang='lat' dir='ltr'>Si</span> <span class='ocrx_word' id='word_1_10' title='bbox 759 204 1155 250; x_wconf 72' lang='lat' dir='ltr'>licuerit‚libertatem</span> <span class='ocrx_word' id='word_1_11' title='bbox 1177 217 1262 241; x_wconf 86' lang='lat' dir='ltr'>esse</span> <span class='ocrx_word' id='word_1_12' title='bbox 1282 203 1534 254; x_wconf 78' lang='lat' dir='ltr'><strong>reciperatam</strong></span> 
     </span>
     <span class='ocr_line' id='line_1_3' title="bbox 208 268 1535 318; baseline -0.002 -10"><span class='ocrx_word' id='word_1_13' title='bbox 208 270 407 317; x_wconf 75' lang='lat' dir='ltr'>laetabor3</span> <span class='ocrx_word' id='word_1_14' title='bbox 445 270 475 307; x_wconf 90' lang='lat' dir='ltr'>si</span> <span class='ocrx_word' id='word_1_15' title='bbox 508 283 588 307; x_wconf 90' lang='lat' dir='ltr'>non</span> <span class='ocrx_word' id='word_1_16' title='bbox 620 269 781 314; x_wconf 75' lang='lat' dir='ltr'>licuerit,</span> <span class='ocrx_word' id='word_1_17' title='bbox 815 268 911 318; x_wconf 89' lang='lat' dir='ltr'>quid</span> <span class='ocrx_word' id='word_1_18' title='bbox 946 268 1041 305; x_wconf 87' lang='lat' dir='ltr'>mihi</span> <span class='ocrx_word' id='word_1_19' title='bbox 1075 269 1245 306; x_wconf 90' lang='lat' dir='ltr'>attulerit</span> <span class='ocrx_word' id='word_1_20' title='bbox 1280 268 1351 306; x_wconf 90' lang='lat' dir='ltr'>ista</span> <span class='ocrx_word' id='word_1_21' title='bbox 1385 268 1535 306; x_wconf 88' lang='lat' dir='ltr'>domini</span> 
     </span>
     <span class='ocr_line' id='line_1_4' title="bbox 209 333 1535 385; baseline -0.002 -12"><span class='ocrx_word' id='word_1_22' title='bbox 209 335 374 373; x_wconf 85' lang='lat' dir='ltr'>mutatio</span> <span class='ocrx_word' id='word_1_23' title='bbox 408 343 559 385; x_wconf 88' lang='lat' dir='ltr'>praeter</span> <span class='ocrx_word' id='word_1_24' title='bbox 590 334 776 372; x_wconf 75' lang='lat' dir='ltr'>laetitiam</span> <span class='ocrx_word' id='word_1_25' title='bbox 813 347 931 383; x_wconf 83' lang='lat' dir='ltr'>quam</span> <span class='ocrx_word' id='word_1_26' title='bbox 967 333 1090 371; x_wconf 87' lang='lat' dir='ltr'>oculis</span> <span class='ocrx_word' id='word_1_27' title='bbox 1125 334 1210 383; x_wconf 89' lang='lat' dir='ltr'>cepi</span> <span class='ocrx_word' id='word_1_28' title='bbox 1246 334 1348 371; x_wconf 88' lang='lat' dir='ltr'>iusto</span> <span class='ocrx_word' id='word_1_29' title='bbox 1380 333 1535 371; x_wconf 84' lang='lat' dir='ltr'>interitu</span> 
     </span>
     <span class='ocr_line' id='line_1_5' title="bbox 163 398 1536 450; baseline -0.002 -12"><span class='ocrx_word' id='word_1_30' title='bbox 163 413 187 450; x_wconf 87' lang='lat'>5</span> <span class='ocrx_word' id='word_1_31' title='bbox 212 400 392 450; x_wconf 77' lang='lat' dir='ltr'>tyranni?</span> <span class='ocrx_word' id='word_1_32' title='bbox 441 399 615 449; x_wconf 87' lang='lat' dir='ltr'>Rapinas</span> <span class='ocrx_word' id='word_1_33' title='bbox 645 398 780 436; x_wconf 83' lang='lat' dir='ltr'>scribis</span> <span class='ocrx_word' id='word_1_34' title='bbox 809 399 860 436; x_wconf 88' lang='lat' dir='ltr'>ad</span> <span class='ocrx_word' id='word_1_35' title='bbox 888 398 986 447; x_wconf 89' lang='lat' dir='ltr'>Opis</span> <span class='ocrx_word' id='word_1_36' title='bbox 1015 398 1120 445; x_wconf 73' lang='lat' dir='ltr'>fieri3</span> <span class='ocrx_word' id='word_1_37' title='bbox 1155 412 1250 447; x_wconf 85' lang='lat' dir='ltr'>quas</span> <span class='ocrx_word' id='word_1_38' title='bbox 1279 412 1349 435; x_wconf 86' lang='lat' dir='ltr'>nos</span> <span class='ocrx_word' id='word_1_39' title='bbox 1378 411 1536 447; x_wconf 90' lang='lat' dir='ltr'>quoque</span> 
     </span>
     <span class='ocr_line' id='line_1_6' title="bbox 210 462 1574 513; baseline -0.003 -10"><span class='ocrx_word' id='word_1_40' title='bbox 210 473 292 503; x_wconf 90' lang='lat' dir='ltr'>tum</span> <span class='ocrx_word' id='word_1_41' title='bbox 318 465 560 503; x_wconf 87' lang='lat' dir='ltr'>videbamus.</span> <span class='ocrx_word' id='word_1_42' title='bbox 622 465 683 502; x_wconf 91' lang='lat' dir='ltr'>Ne</span> <span class='ocrx_word' id='word_1_43' title='bbox 716 477 787 501; x_wconf 90' lang='lat' dir='ltr'>nos</span> <span class='ocrx_word' id='word_1_44' title='bbox 817 471 854 501; x_wconf 92' lang='lat' dir='ltr'>et</span> <span class='ocrx_word' id='word_1_45' title='bbox 882 463 1032 501; x_wconf 90' lang='lat' dir='ltr'>liberati</span> <span class='ocrx_word' id='word_1_46' title='bbox 1067 464 1117 501; x_wconf 91' lang='lat' dir='ltr'>ab</span> <span class='ocrx_word' id='word_1_47' title='bbox 1148 463 1309 513; x_wconf 79' lang='lat' dir='ltr'>egregiis</span> <span class='ocrx_word' id='word_1_48' title='bbox 1341 462 1429 500; x_wconf 80' lang='lat' dir='ltr'>viris</span> <span class='ocrx_word' id='word_1_49' title='bbox 1464 475 1536 499; x_wconf 89' lang='lat' dir='ltr'>nec</span> <span class='ocrx_word' id='word_1_50' title='bbox 1557 474 1574 505; x_wconf 90' lang='lat'>5</span> 
     </span>
     <span class='ocr_line' id='line_1_7' title="bbox 209 528 1536 577; baseline -0.002 -10"><span class='ocrx_word' id='word_1_51' title='bbox 209 530 318 567; x_wconf 86' lang='lat' dir='ltr'>liberi</span> <span class='ocrx_word' id='word_1_52' title='bbox 358 543 503 567; x_wconf 87' lang='lat' dir='ltr'>sumus.</span> <span class='ocrx_word' id='word_1_53' title='bbox 576 530 636 566; x_wconf 89' lang='lat' dir='ltr'>Ita</span> <span class='ocrx_word' id='word_1_54' title='bbox 679 530 761 566; x_wconf 88' lang='lat' dir='ltr'>laus</span> <span class='ocrx_word' id='word_1_55' title='bbox 806 528 960 566; x_wconf 87' lang='lat' dir='ltr'>illorum</span> <span class='ocrx_word' id='word_1_56' title='bbox 1005 536 1072 574; x_wconf 89' lang='lat' dir='ltr'>est,</span> <span class='ocrx_word' id='word_1_57' title='bbox 1115 530 1230 577; x_wconf 88' lang='lat' dir='ltr'>culpa</span> <span class='ocrx_word' id='word_1_58' title='bbox 1274 536 1415 565; x_wconf 85' lang='lat' dir='ltr'>nostra.</span> <span class='ocrx_word' id='word_1_59' title='bbox 1487 528 1536 564; x_wconf 87' lang='lat' dir='ltr'>Et</span> 
     </span>
     <span class='ocr_line' id='line_1_8' title="bbox 208 592 1536 641; baseline -0.003 -9"><span class='ocrx_word' id='word_1_60' title='bbox 208 594 372 632; x_wconf 84' lang='lat' dir='ltr'>hortaris</span> <span class='ocrx_word' id='word_1_61' title='bbox 403 608 465 632; x_wconf 91' lang='lat' dir='ltr'>me</span> <span class='ocrx_word' id='word_1_62' title='bbox 492 602 533 631; x_wconf 92' lang='lat' dir='ltr'>ut</span> <span class='ocrx_word' id='word_1_63' title='bbox 561 593 740 631; x_wconf 78' lang='lat' dir='ltr'>historias</span> <span class='ocrx_word' id='word_1_64' title='bbox 768 592 947 639; x_wconf 86' lang='lat' dir='ltr'>scribam,</span> <span class='ocrx_word' id='word_1_65' title='bbox 971 601 1012 630; x_wconf 87' lang='lat' dir='ltr'>ut</span> <span class='ocrx_word' id='word_1_66' title='bbox 1041 592 1235 641; x_wconf 82' lang='lat' dir='ltr'>conligam</span> <span class='ocrx_word' id='word_1_67' title='bbox 1264 600 1371 630; x_wconf 86' lang='lat' dir='ltr'>tanta</span> <span class='ocrx_word' id='word_1_68' title='bbox 1401 604 1536 629; x_wconf 90' lang='lat' dir='ltr'>eorum</span> 
     </span>
     <span class='ocr_line' id='line_1_9' title="bbox 208 657 1536 708; baseline -0.003 -11"><span class='ocrx_word' id='word_1_69' title='bbox 208 661 354 697; x_wconf 89' lang='lat' dir='ltr'>scelera</span> <span class='ocrx_word' id='word_1_70' title='bbox 387 672 409 696; x_wconf 87' lang='lat' dir='ltr'>a</span> <span class='ocrx_word' id='word_1_71' title='bbox 443 658 586 708; x_wconf 89' lang='lat' dir='ltr'>quibus</span> <span class='ocrx_word' id='word_1_72' title='bbox 625 658 742 696; x_wconf 86' lang='lat' dir='ltr'>etiam</span> <span class='ocrx_word' id='word_1_73' title='bbox 786 670 891 695; x_wconf 92' lang='lat' dir='ltr'>nunc</span> <span class='ocrx_word' id='word_1_74' title='bbox 931 657 1185 695; x_wconf 75' lang='lat' dir='ltr'>obsidemur!</span> <span class='ocrx_word' id='word_1_75' title='bbox 1236 659 1430 694; x_wconf 90' lang='lat' dir='ltr'>Poterone</span> <span class='ocrx_word' id='word_1_76' title='bbox 1469 669 1536 693; x_wconf 89' lang='lat' dir='ltr'>eos</span> 
     </span>
     <span class='ocr_line' id='line_1_10' title="bbox 208 722 1536 774; baseline -0.002 -13"><span class='ocrx_word' id='word_1_77' title='bbox 208 724 313 774; x_wconf 89' lang='lat' dir='ltr'>ipsos</span> <span class='ocrx_word' id='word_1_78' title='bbox 344 738 423 762; x_wconf 92' lang='lat' dir='ltr'>non</span> <span class='ocrx_word' id='word_1_79' title='bbox 454 725 612 762; x_wconf 87' lang='lat' dir='ltr'>laudare</span> <span class='ocrx_word' id='word_1_80' title='bbox 639 723 706 773; x_wconf 86' lang='lat' dir='ltr'>qui</span> <span class='ocrx_word' id='word_1_81' title='bbox 733 731 771 761; x_wconf 85' lang='lat' dir='ltr'>te</span> <span class='ocrx_word' id='word_1_82' title='bbox 801 722 1091 772; x_wconf 81' lang='lat' dir='ltr'>obsignatorem</span> <span class='ocrx_word' id='word_1_83' title='bbox 1123 722 1403 760; x_wconf 84' lang='lat' dir='ltr'>adhibuerint?</span> <span class='ocrx_word' id='word_1_84' title='bbox 1452 723 1536 758; x_wconf 88' lang='lat' dir='ltr'>Nec</span> 
     </span>
     <span class='ocr_line' id='line_1_11' title="bbox 211 786 1599 833; baseline -0.004 -6"><span class='ocrx_word' id='word_1_85' title='bbox 211 802 273 827; x_wconf 87' lang='lat' dir='ltr'>me</span> <span class='ocrx_word' id='word_1_86' title='bbox 294 791 451 827; x_wconf 82' lang='lat' dir='ltr'>hercule</span> <span class='ocrx_word' id='word_1_87' title='bbox 473 802 535 826; x_wconf 89' lang='lat' dir='ltr'>me</span> <span class='ocrx_word' id='word_1_88' title='bbox 556 789 835 826; x_wconf 88' lang='lat' dir='ltr'>raudusculum</span> <span class='ocrx_word' id='word_1_89' title='bbox 858 795 999 833; x_wconf 85' lang='lat' dir='ltr'>movet,</span> <span class='ocrx_word' id='word_1_90' title='bbox 1016 788 1085 825; x_wconf 92' lang='lat' dir='ltr'>sed</span> <span class='ocrx_word' id='word_1_91' title='bbox 1106 786 1287 825; x_wconf 89' lang='lat' dir='ltr'>homines</span> <span class='ocrx_word' id='word_1_92' title='bbox 1308 787 1534 832; x_wconf 89' lang='lat' dir='ltr'>benevolos,</span> <span class='ocrx_word' id='word_1_93' title='bbox 1561 798 1599 820; x_wconf 86' lang='lat'>10</span> 
     </span>
     <span class='ocr_line' id='line_1_12' title="bbox 159 851 1537 904; baseline -0.004 -11"><span class='ocrx_word' id='word_1_94' title='bbox 159 864 187 901; x_wconf 90' lang='grc'>6</span> <span class='ocrx_word' id='word_1_95' title='bbox 211 856 519 904; x_wconf 80' lang='lat' dir='ltr'>qualescumque</span> <span class='ocrx_word' id='word_1_96' title='bbox 549 862 649 899; x_wconf 87' lang='lat' dir='ltr'>sunt,</span> <span class='ocrx_word' id='word_1_97' title='bbox 672 866 786 903; x_wconf 79' lang='lat' dir='ltr'>grave</span> <span class='ocrx_word' id='word_1_98' title='bbox 814 860 871 890; x_wconf 89' lang='lat' dir='ltr'>est</span> <span class='ocrx_word' id='word_1_99' title='bbox 895 852 1049 902; x_wconf 86' lang='lat' dir='ltr'>insequi</span> <span class='ocrx_word' id='word_1_100' title='bbox 1075 851 1324 890; x_wconf 86' lang='lat' dir='ltr'>contumelia.</span> <span class='ocrx_word' id='word_1_101' title='bbox 1385 851 1463 889; x_wconf 87' lang='lat' dir='ltr'>Sed</span> <span class='ocrx_word' id='word_1_102' title='bbox 1487 851 1537 888; x_wconf 88' lang='lat' dir='ltr'>de</span> 
     </span>
    </p>

    <p class='ocr_par' dir='ltr' id='par_1_3' title="bbox 207 916 1600 1557">
     <span class='ocr_line' id='line_1_13' title="bbox 210 916 1537 967; baseline -0.003 -10"><span class='ocrx_word' id='word_1_103' title='bbox 210 920 395 958; x_wconf 90' lang='lat' dir='ltr'>omnibus</span> <span class='ocrx_word' id='word_1_104' title='bbox 424 919 520 957; x_wconf 90' lang='lat' dir='ltr'>meis</span> <span class='ocrx_word' id='word_1_105' title='bbox 548 918 730 965; x_wconf 76' lang='lat' dir='ltr'>consiliis,</span> <span class='ocrx_word' id='word_1_106' title='bbox 755 925 796 956; x_wconf 91' lang='lat' dir='ltr'>ut</span> <span class='ocrx_word' id='word_1_107' title='bbox 824 917 970 964; x_wconf 86' lang='lat' dir='ltr'>scribis,</span> <span class='ocrx_word' id='word_1_108' title='bbox 994 917 1174 955; x_wconf 80' lang='lat' dir='ltr'>existimo</span> <span class='ocrx_word' id='word_1_109' title='bbox 1203 916 1438 967; x_wconf 85' lang='lat' dir='ltr'>exploratius</span> <span class='ocrx_word' id='word_1_110' title='bbox 1466 929 1537 953; x_wconf 89' lang='lat' dir='ltr'>nos</span> 
     </span>
     <span class='ocr_line' id='line_1_14' title="bbox 208 981 1538 1033; baseline -0.003 -11"><span class='ocrx_word' id='word_1_111' title='bbox 208 986 258 1022; x_wconf 90' lang='lat' dir='ltr'>ad</span> <span class='ocrx_word' id='word_1_112' title='bbox 288 986 339 1022; x_wconf 87' lang='lat' dir='ltr'>K.</span> <span class='ocrx_word' id='word_1_113' title='bbox 362 984 494 1022; x_wconf 87' lang='lat' dir='ltr'>Iunias</span> <span class='ocrx_word' id='word_1_114' title='bbox 522 991 690 1021; x_wconf 86' lang='lat' dir='ltr'>statuere</span> <span class='ocrx_word' id='word_1_115' title='bbox 718 996 846 1033; x_wconf 88' lang='lat' dir='ltr'>posse.</span> <span class='ocrx_word' id='word_1_116' title='bbox 903 984 968 1021; x_wconf 81' lang='lat' dir='ltr'>Ad</span> <span class='ocrx_word' id='word_1_117' title='bbox 993 997 1089 1032; x_wconf 86' lang='lat' dir='ltr'>quas</span> <span class='ocrx_word' id='word_1_118' title='bbox 1118 984 1238 1021; x_wconf 89' lang='lat' dir='ltr'>adero</span> <span class='ocrx_word' id='word_1_119' title='bbox 1266 990 1304 1020; x_wconf 84' lang='lat' dir='ltr'>et</span> <span class='ocrx_word' id='word_1_120' title='bbox 1330 981 1438 1020; x_wconf 89' lang='lat' dir='ltr'>omni</span> <span class='ocrx_word' id='word_1_121' title='bbox 1463 995 1538 1031; x_wconf 88' lang='lat' dir='ltr'>ope</span> 
     </span>
     <span class='ocr_line' id='line_1_15' title="bbox 207 1048 1537 1099; baseline -0.002 -12"><span class='ocrx_word' id='word_1_122' title='bbox 207 1057 325 1099; x_wconf 86' lang='lat' dir='ltr'>atque</span> <span class='ocrx_word' id='word_1_123' title='bbox 353 1063 471 1099; x_wconf 86' lang='lat' dir='ltr'>opera</span> <span class='ocrx_word' id='word_1_124' title='bbox 498 1049 630 1095; x_wconf 82' lang='lat' dir='ltr'>enitar,</span> <span class='ocrx_word' id='word_1_125' title='bbox 654 1048 865 1087; x_wconf 83' lang='lat' dir='ltr'>adiuvante</span> <span class='ocrx_word' id='word_1_126' title='bbox 893 1062 955 1086; x_wconf 94' lang='lat' dir='ltr'>me</span> <span class='ocrx_word' id='word_1_127' title='bbox 985 1048 1133 1086; x_wconf 88' lang='lat' dir='ltr'>scilicet</span> <span class='ocrx_word' id='word_1_128' title='bbox 1158 1048 1388 1086; x_wconf 83' lang='lat' dir='ltr'>auctoritate</span> <span class='ocrx_word' id='word_1_129' title='bbox 1414 1055 1479 1084; x_wconf 88' lang='lat' dir='ltr'>tua</span> <span class='ocrx_word' id='word_1_130' title='bbox 1500 1054 1537 1084; x_wconf 88' lang='lat' dir='ltr'>et</span> 
     </span>
     <span class='ocr_line' id='line_1_16' title="bbox 207 1113 1598 1165; baseline -0.003 -12"><span class='ocrx_word' id='word_1_131' title='bbox 207 1115 327 1165; x_wconf 80' lang='lat' dir='ltr'>gratia</span> <span class='ocrx_word' id='word_1_132' title='bbox 354 1123 392 1153; x_wconf 89' lang='lat' dir='ltr'>et</span> <span class='ocrx_word' id='word_1_133' title='bbox 417 1128 570 1153; x_wconf 85' lang='lat' dir='ltr'>summa</span> <span class='ocrx_word' id='word_1_134' title='bbox 597 1114 793 1164; x_wconf 88' lang='lat' dir='ltr'>aequitate</span> <span class='ocrx_word' id='word_1_135' title='bbox 823 1127 975 1160; x_wconf 83' lang='lat' dir='ltr'>causae,</span> <span class='ocrx_word' id='word_1_136' title='bbox 999 1122 1040 1152; x_wconf 93' lang='lat' dir='ltr'>ut</span> <span class='ocrx_word' id='word_1_137' title='bbox 1061 1115 1110 1152; x_wconf 81' lang='lat' dir='ltr'>de</span> <span class='ocrx_word' id='word_1_138' title='bbox 1138 1113 1352 1151; x_wconf 86' lang='lat' dir='ltr'>Buthrotiis</span> <span class='ocrx_word' id='word_1_139' title='bbox 1381 1120 1538 1151; x_wconf 89' lang='lat' dir='ltr'>senatus</span> <span class='ocrx_word' id='word_1_140' title='bbox 1564 1122 1598 1153; x_wconf 82' lang='lat'>15</span> 
     </span>
     <span class='ocr_line' id='line_1_17' title="bbox 208 1177 1535 1229; baseline -0.002 -11"><span class='ocrx_word' id='word_1_141' title='bbox 208 1182 432 1218; x_wconf 86' lang='lat' dir='ltr'>consultum</span> <span class='ocrx_word' id='word_1_142' title='bbox 473 1181 587 1229; x_wconf 87' lang='lat' dir='ltr'>quale</span> <span class='ocrx_word' id='word_1_143' title='bbox 627 1179 762 1217; x_wconf 88' lang='lat' dir='ltr'>scribis</span> <span class='ocrx_word' id='word_1_144' title='bbox 802 1180 878 1216; x_wconf 87' lang='lat' dir='ltr'>fiat.</span> <span class='ocrx_word' id='word_1_145' title='bbox 939 1179 1060 1227; x_wconf 87' lang='lat' dir='ltr'>Quod</span> <span class='ocrx_word' id='word_1_146' title='bbox 1100 1193 1163 1216; x_wconf 88' lang='lat' dir='ltr'>me</span> <span class='ocrx_word' id='word_1_147' title='bbox 1203 1179 1373 1228; x_wconf 78' lang='lat' dir='ltr'>cogitare</span> <span class='ocrx_word' id='word_1_148' title='bbox 1413 1177 1535 1223; x_wconf 73' lang='lat' dir='ltr'>iubes,</span> 
     </span>
     <span class='ocr_line' id='line_1_18' title="bbox 207 1242 1539 1295; baseline -0.003 -12"><span class='ocrx_word' id='word_1_149' title='bbox 207 1246 390 1295; x_wconf 79' lang='lat' dir='ltr'>cogitabo</span> <span class='ocrx_word' id='word_1_150' title='bbox 411 1245 611 1295; x_wconf 74' lang='lat' dir='ltr'>equidem,</span> <span class='ocrx_word' id='word_1_151' title='bbox 631 1244 702 1282; x_wconf 85' lang='lat' dir='ltr'>etsi</span> <span class='ocrx_word' id='word_1_152' title='bbox 723 1243 793 1281; x_wconf 90' lang='lat' dir='ltr'>tibi</span> <span class='ocrx_word' id='word_1_153' title='bbox 814 1245 1001 1282; x_wconf 89' lang='lat' dir='ltr'>dederam</span> <span class='ocrx_word' id='word_1_154' title='bbox 1027 1244 1224 1294; x_wconf 86' lang='lat' dir='ltr'>superiore</span> <span class='ocrx_word' id='word_1_155' title='bbox 1252 1244 1418 1294; x_wconf 83' lang='lat' dir='ltr'>epistula</span> <span class='ocrx_word' id='word_1_156' title='bbox 1439 1242 1539 1292; x_wconf 78' lang='lat' dir='ltr'>cogi-</span> 
     </span>
     <span class='ocr_line' id='line_1_19' title="bbox 208 1308 1538 1359; baseline -0.003 -10"><span class='ocrx_word' id='word_1_157' title='bbox 208 1313 383 1350; x_wconf 89' lang='lat' dir='ltr'>tandum.</span> <span class='ocrx_word' id='word_1_158' title='bbox 443 1312 505 1348; x_wconf 88' lang='lat' dir='ltr'>Tu</span> <span class='ocrx_word' id='word_1_159' title='bbox 533 1319 663 1348; x_wconf 88' lang='lat' dir='ltr'>autem</span> <span class='ocrx_word' id='word_1_160' title='bbox 686 1309 796 1359; x_wconf 82' lang='lat' dir='ltr'>quasi</span> <span class='ocrx_word' id='word_1_161' title='bbox 822 1310 899 1347; x_wconf 89' lang='lat' dir='ltr'>iam</span> <span class='ocrx_word' id='word_1_162' title='bbox 927 1309 1140 1359; x_wconf 88' lang='lat' dir='ltr'>reciperata</span> <span class='ocrx_word' id='word_1_163' title='bbox 1162 1324 1201 1347; x_wconf 88' lang='lat' dir='ltr'>re</span> <span class='ocrx_word' id='word_1_164' title='bbox 1224 1309 1381 1359; x_wconf 87' lang='lat' dir='ltr'>publica</span> <span class='ocrx_word' id='word_1_165' title='bbox 1402 1308 1538 1346; x_wconf 88' lang='lat' dir='ltr'>vicinis</span> 
     </span>
     <span class='ocr_line' id='line_1_20' title="bbox 208 1374 1537 1423; baseline -0.003 -9"><span class='ocrx_word' id='word_1_166' title='bbox 208 1377 283 1414; x_wconf 90' lang='lat' dir='ltr'>tuis</span> <span class='ocrx_word' id='word_1_167' title='bbox 320 1375 633 1413; x_wconf 83' lang='lat' dir='ltr'>Massiliensibus</span> <span class='ocrx_word' id='word_1_168' title='bbox 673 1388 742 1412; x_wconf 87' lang='lat' dir='ltr'>sua</span> <span class='ocrx_word' id='word_1_169' title='bbox 773 1374 914 1412; x_wconf 78' lang='lat' dir='ltr'>reddis.</span> <span class='ocrx_word' id='word_1_170' title='bbox 982 1377 1096 1412; x_wconf 88' lang='lat' dir='ltr'>Haec</span> <span class='ocrx_word' id='word_1_171' title='bbox 1132 1374 1259 1420; x_wconf 86' lang='lat' dir='ltr'>armis,</span> <span class='ocrx_word' id='word_1_172' title='bbox 1289 1387 1389 1423; x_wconf 87' lang='lat' dir='ltr'>quae</span> <span class='ocrx_word' id='word_1_173' title='bbox 1419 1386 1537 1422; x_wconf 87' lang='lat' dir='ltr'>quam</span> 
     </span>
     <span class='ocr_line' id='line_1_21' title="bbox 209 1438 1600 1490; baseline -0.002 -11"><span class='ocrx_word' id='word_1_174' title='bbox 209 1444 319 1480; x_wconf 80' lang='lat' dir='ltr'>firma</span> <span class='ocrx_word' id='word_1_175' title='bbox 338 1443 556 1480; x_wconf 87' lang='lat' dir='ltr'>habeamus</span> <span class='ocrx_word' id='word_1_176' title='bbox 584 1440 731 1490; x_wconf 75' lang='lat' dir='ltr'>ignoro,</span> <span class='ocrx_word' id='word_1_177' title='bbox 756 1440 903 1478; x_wconf 85' lang='lat' dir='ltr'>restitui</span> <span class='ocrx_word' id='word_1_178' title='bbox 925 1442 1088 1479; x_wconf 85' lang='lat' dir='ltr'>fortasse</span> <span class='ocrx_word' id='word_1_179' title='bbox 1111 1448 1285 1490; x_wconf 84' lang='lat' dir='ltr'>possunt,</span> <span class='ocrx_word' id='word_1_180' title='bbox 1308 1438 1538 1477; x_wconf 86' lang='lat' dir='ltr'>auctoritate</span> <span class='ocrx_word' id='word_1_181' title='bbox 1560 1448 1600 1470; x_wconf 78' lang='lat'>20</span> 
     </span>
     <span class='ocr_line' id='line_1_22' title="bbox 210 1514 486 1557; baseline -0.004 -12"><span class='ocrx_word' id='word_1_182' title='bbox 210 1522 289 1545; x_wconf 92' lang='lat' dir='ltr'>non</span> <span class='ocrx_word' id='word_1_183' title='bbox 312 1514 486 1557; x_wconf 85' lang='lat' dir='ltr'>possunt.</span> 
     </span>
    </p>

    <p class='ocr_par' dir='ltr' id='par_1_4' title="bbox 89 1570 1537 1625">
     <span class='ocr_line' id='line_1_23' title="bbox 89 1570 1537 1625; baseline -0.003 -14"><span class='ocrx_word' id='word_1_184' title='bbox 89 1623 91 1625; x_wconf 12' lang='lat' dir='ltr'><em>r</em></span> <span class='ocrx_word' id='word_1_185' title='bbox 166 1578 189 1617; x_wconf 95' lang='lat'>7</span> <span class='ocrx_word' id='word_1_186' title='bbox 267 1573 445 1623; x_wconf 83' lang='lat' dir='ltr'>Epistula</span> <span class='ocrx_word' id='word_1_187' title='bbox 474 1572 601 1610; x_wconf 75' lang='lat' dir='ltr'>brevis</span> <span class='ocrx_word' id='word_1_188' title='bbox 634 1586 735 1621; x_wconf 86' lang='lat' dir='ltr'>quae</span> <span class='ocrx_word' id='word_1_189' title='bbox 766 1579 901 1621; x_wconf 87' lang='lat' dir='ltr'>postea</span> <span class='ocrx_word' id='word_1_190' title='bbox 928 1585 950 1609; x_wconf 89' lang='lat' dir='ltr'>a</span> <span class='ocrx_word' id='word_1_191' title='bbox 978 1579 1016 1610; x_wconf 89' lang='lat' dir='ltr'>te</span> <span class='ocrx_word' id='word_1_192' title='bbox 1051 1572 1193 1621; x_wconf 84' lang='lat' dir='ltr'>scripta</span> <span class='ocrx_word' id='word_1_193' title='bbox 1233 1579 1289 1609; x_wconf 85' lang='lat' dir='ltr'>est</span> <span class='ocrx_word' id='word_1_194' title='bbox 1320 1584 1414 1608; x_wconf 86' lang='lat' dir='ltr'>sane</span> <span class='ocrx_word' id='word_1_195' title='bbox 1444 1570 1537 1607; x_wconf 85' lang='lat' dir='ltr'>mihi</span> 
     </span>
    </p>

    <p class='ocr_par' dir='ltr' id='par_1_5' title="bbox 82 1626 1598 1884">
     <span class='ocr_line' id='line_1_24' title="bbox 82 1626 1539 1677; baseline -0.003 0"><span class='ocrx_word' id='word_1_196' title='bbox 82 1626 281 1677; x_wconf 67' lang='lat' dir='ltr'>(xv1)suit</span> <span class='ocrx_word' id='word_1_197' title='bbox 313 1639 484 1676; x_wconf 91' lang='lat' dir='ltr'>iucunda</span> <span class='ocrx_word' id='word_1_198' title='bbox 515 1639 563 1676; x_wconf 92' lang='lat' dir='ltr'>de</span> <span class='ocrx_word' id='word_1_199' title='bbox 596 1637 703 1675; x_wconf 84' lang='lat' dir='ltr'>Bruti</span> <span class='ocrx_word' id='word_1_200' title='bbox 734 1639 784 1675; x_wconf 89' lang='lat' dir='ltr'>ad</span> <span class='ocrx_word' id='word_1_201' title='bbox 811 1637 1031 1675; x_wconf 86' lang='lat' dir='ltr'>Antonium</span> <span class='ocrx_word' id='word_1_202' title='bbox 1063 1646 1100 1675; x_wconf 82' lang='lat' dir='ltr'>et</span> <span class='ocrx_word' id='word_1_203' title='bbox 1133 1639 1183 1675; x_wconf 84' lang='lat' dir='ltr'>de</span> <span class='ocrx_word' id='word_1_204' title='bbox 1215 1637 1391 1675; x_wconf 80' lang='lat' dir='ltr'>eiusdem</span> <span class='ocrx_word' id='word_1_205' title='bbox 1422 1638 1471 1674; x_wconf 88' lang='lat' dir='ltr'>ad</span> <span class='ocrx_word' id='word_1_206' title='bbox 1502 1644 1539 1673; x_wconf 89' lang='lat' dir='ltr'>te</span> 
     </span>
     <span class='ocr_line' id='line_1_25' title="bbox 211 1702 1536 1751; baseline -0.003 -10"><span class='ocrx_word' id='word_1_207' title='bbox 211 1704 355 1741; x_wconf 81' lang='lat' dir='ltr'>litteris.</span> <span class='ocrx_word' id='word_1_208' title='bbox 417 1705 537 1741; x_wconf 83' lang='lat' dir='ltr'>Posse</span> <span class='ocrx_word' id='word_1_209' title='bbox 564 1702 746 1740; x_wconf 84' lang='lat' dir='ltr'>videntur</span> <span class='ocrx_word' id='word_1_210' title='bbox 773 1715 858 1740; x_wconf 84' lang='lat' dir='ltr'>esse</span> <span class='ocrx_word' id='word_1_211' title='bbox 888 1702 1048 1740; x_wconf 87' lang='lat' dir='ltr'>meliora</span> <span class='ocrx_word' id='word_1_212' title='bbox 1069 1716 1187 1751; x_wconf 88' lang='lat' dir='ltr'>quam</span> <span class='ocrx_word' id='word_1_213' title='bbox 1213 1703 1343 1740; x_wconf 86' lang='lat' dir='ltr'>adhuc</span> <span class='ocrx_word' id='word_1_214' title='bbox 1371 1702 1536 1738; x_wconf 87' lang='lat' dir='ltr'>fuerunt.</span> 
     </span>
     <span class='ocr_line' id='line_1_26' title="bbox 210 1766 1598 1816; baseline -0.001 -10"><span class='ocrx_word' id='word_1_215' title='bbox 210 1770 287 1807; x_wconf 84' lang='lat' dir='ltr'>Sed</span> <span class='ocrx_word' id='word_1_216' title='bbox 323 1768 437 1806; x_wconf 86' lang='lat' dir='ltr'>nobis</span> <span class='ocrx_word' id='word_1_217' title='bbox 472 1767 540 1805; x_wconf 88' lang='lat' dir='ltr'>ubi</span> <span class='ocrx_word' id='word_1_218' title='bbox 579 1767 700 1805; x_wconf 83' lang='lat' dir='ltr'>simus</span> <span class='ocrx_word' id='word_1_219' title='bbox 741 1774 777 1804; x_wconf 76' lang='lat' dir='ltr'>ct</span> <span class='ocrx_word' id='word_1_220' title='bbox 813 1780 892 1816; x_wconf 85' lang='lat' dir='ltr'>quo</span> <span class='ocrx_word' id='word_1_221' title='bbox 927 1766 1003 1804; x_wconf 86' lang='lat' dir='ltr'>iam</span> <span class='ocrx_word' id='word_1_222' title='bbox 1045 1780 1151 1805; x_wconf 90' lang='lat' dir='ltr'>nunc</span> <span class='ocrx_word' id='word_1_223' title='bbox 1186 1780 1256 1805; x_wconf 91' lang='lat' dir='ltr'>nos</span> <span class='ocrx_word' id='word_1_224' title='bbox 1292 1767 1539 1804; x_wconf 86' lang='lat' dir='ltr'>conferamus</span> <span class='ocrx_word' id='word_1_225' title='bbox 1561 1773 1598 1805; x_wconf 86' lang='lat'>²5</span> 
     </span>
     <span class='ocr_line' id='line_1_27' title="bbox 209 1833 596 1884; baseline -0.003 -13"><span class='ocrx_word' id='word_1_226' title='bbox 209 1833 497 1884; x_wconf 76' lang='lat' dir='ltr'>providendum</span> <span class='ocrx_word' id='word_1_227' title='bbox 528 1840 596 1870; x_wconf 80' lang='lat' dir='ltr'>est.</span> 
     </span>
    </p>
   </div>
   <div class='ocr_carea' id='block_1_3' title="bbox 254 1980 1220 2022">
    <p class='ocr_par' dir='ltr' id='par_1_6' title="bbox 254 1980 1220 2022">
     <span class='ocr_line' id='line_1_28' title="bbox 254 1980 1220 2022; baseline -0.001 -8"><span class='ocrx_word' id='word_1_228' title='bbox 254 1980 337 2014; x_wconf 86' lang='lat' dir='ltr'>XV</span> <span class='ocrx_word' id='word_1_229' title='bbox 529 1982 598 2013; x_wconf 64' lang='lat' dir='ltr'>St&#39;r.</span> <span class='ocrx_word' id='word_1_230' title='bbox 617 1983 650 2012; x_wconf 75' lang='lat' dir='ltr'>in</span> <span class='ocrx_word' id='word_1_231' title='bbox 671 1982 823 2012; x_wconf 62' lang='lat' dir='ltr'>(unwano</span> <span class='ocrx_word' id='word_1_232' title='bbox 840 1983 883 2014; x_wconf 82' lang='lat' dir='ltr'>K.</span> <span class='ocrx_word' id='word_1_233' title='bbox 906 1983 985 2013; x_wconf 69' lang='lat' dir='ltr'>Mas.</span> <span class='ocrx_word' id='word_1_234' title='bbox 1008 1994 1036 2013; x_wconf 78' lang='lat' dir='ltr'>a.</span> <span class='ocrx_word' id='word_1_235' title='bbox 1059 1993 1115 2022; x_wconf 78' lang='lat'>710</span> <span class='ocrx_word' id='word_1_236' title='bbox 1134 1982 1220 2022; x_wconf 35' lang='grc' dir='ltr'>ΖΗΝ</span> 
     </span>
    </p>
   </div>
   <div class='ocr_carea' id='block_1_4' title="bbox 618 2070 1127 2101">
    <p class='ocr_par' dir='ltr' id='par_1_7' title="bbox 618 2070 1127 2101">
     <span class='ocr_line' id='line_1_29' title="bbox 618 2070 1127 2101; baseline 0.004 -3"><span class='ocrx_word' id='word_1_237' title='bbox 618 2070 786 2099; x_wconf 59' lang='lat' dir='ltr'><em>CICERO</em></span> <span class='ocrx_word' id='word_1_238' title='bbox 816 2071 848 2099; x_wconf 72' lang='lat' dir='ltr'><em>A</em></span> <span class='ocrx_word' id='word_1_239' title='bbox 860 2070 996 2100; x_wconf 67' lang='lat' dir='ltr'><em>TTlsc)</em></span> <span class='ocrx_word' id='word_1_240' title='bbox 1022 2070 1127 2101; x_wconf 67' lang='lat' dir='ltr'>SAL.</span> 
     </span>
    </p>
   </div>
   <div class='ocr_carea' id='block_1_5' title="bbox 101 2158 1602 2275">
    <p class='ocr_par' dir='ltr' id='par_1_8' title="bbox 101 2158 1602 2275">
     <span class='ocr_line' id='line_1_30' title="bbox 101 2158 1540 2205; baseline -0.003 -5"><span class='ocrx_word' id='word_1_241' title='bbox 101 2174 117 2200; x_wconf 91' lang='lat'>1</span> <span class='ocrx_word' id='word_1_242' title='bbox 143 2168 187 2199; x_wconf 48' lang='lat'>“25</span> <span class='ocrx_word' id='word_1_243' title='bbox 265 2161 302 2198; x_wconf 91' lang='lat' dir='ltr'>O</span> <span class='ocrx_word' id='word_1_244' title='bbox 323 2159 530 2197; x_wconf 87' lang='lat' dir='ltr'>mirificum</span> <span class='ocrx_word' id='word_1_245' title='bbox 556 2161 803 2197; x_wconf 85' lang='lat' dir='ltr'>Dolabellam</span> <span class='ocrx_word' id='word_1_246' title='bbox 835 2164 990 2198; x_wconf 70' lang='lat' dir='ltr'>meum!</span> <span class='ocrx_word' id='word_1_247' title='bbox 1023 2161 1098 2198; x_wconf 86' lang='lat' dir='ltr'>iam</span> <span class='ocrx_word' id='word_1_248' title='bbox 1130 2159 1235 2198; x_wconf 83' lang='lat' dir='ltr'>enim</span> <span class='ocrx_word' id='word_1_249' title='bbox 1263 2158 1354 2196; x_wconf 88' lang='lat' dir='ltr'>dico</span> <span class='ocrx_word' id='word_1_250' title='bbox 1381 2171 1540 2205; x_wconf 77' lang='lat' dir='ltr'>meum3</span> 
     </span>
     <span class='ocr_line' id='line_1_31' title="bbox 208 2224 1602 2275; baseline -0.003 -12"><span class='ocrx_word' id='word_1_251' title='bbox 208 2233 335 2271; x_wconf 85' lang='lat' dir='ltr'>antea,</span> <span class='ocrx_word' id='word_1_252' title='bbox 357 2226 474 2262; x_wconf 87' lang='lat' dir='ltr'>crede</span> <span class='ocrx_word' id='word_1_253' title='bbox 495 2224 604 2269; x_wconf 85' lang='lat' dir='ltr'>mihi,</span> <span class='ocrx_word' id='word_1_254' title='bbox 621 2225 940 2262; x_wconf 87' lang='lat' dir='ltr'>subdubitabam.</span> <span class='ocrx_word' id='word_1_255' title='bbox 999 2228 1186 2275; x_wconf 77' lang='lat' dir='ltr'>Magnam</span> <span class='ocrx_word' id='word_1_256' title='bbox 1208 2225 1460 2273; x_wconf 78' lang='grc' dir='ltr'>ἀναθεώρησιν</span> <span class='ocrx_word' id='word_1_257' title='bbox 1479 2237 1538 2261; x_wconf 87' lang='lat' dir='ltr'>res</span> <span class='ocrx_word' id='word_1_258' title='bbox 1561 2237 1602 2267; x_wconf 80' lang='lat'>30</span> 
     </span>
    </p>
   </div>
   <div class='ocr_carea' id='block_1_6' title="bbox 208 2327 1537 2412">
    <p class='ocr_par' dir='ltr' id='par_1_9' title="bbox 208 2327 1537 2412">
     <span class='ocr_line' id='line_1_32' title="bbox 256 2327 1537 2368; baseline -0.002 -8"><span class='ocrx_word' id='word_1_259' title='bbox 256 2331 293 2360; x_wconf 87' lang='lat'>18</span> <span class='ocrx_word' id='word_1_260' title='bbox 311 2328 446 2367; x_wconf 60' lang='lat' dir='ltr'>vicinis]</span> <span class='ocrx_word' id='word_1_261' title='bbox 456 2328 537 2367; x_wconf 79' lang='lat' dir='ltr'>sort.</span> <span class='ocrx_word' id='word_1_262' title='bbox 555 2328 670 2358; x_wconf 82' lang='lat' dir='ltr'>amicis</span> <span class='ocrx_word' id='word_1_263' title='bbox 808 2338 849 2366; x_wconf 78' lang='lat'>25</span> <span class='ocrx_word' id='word_1_264' title='bbox 875 2339 964 2358; x_wconf 86' lang='lat' dir='ltr'>nunc</span> <span class='ocrx_word' id='word_1_265' title='bbox 984 2329 1049 2359; x_wconf 73' lang='lat' dir='ltr'>secl.</span> <span class='ocrx_word' id='word_1_266' title='bbox 1072 2328 1175 2359; x_wconf 75' lang='lat' dir='ltr'>Boot:</span> <span class='ocrx_word' id='word_1_267' title='bbox 1201 2327 1263 2358; x_wconf 83' lang='lat' dir='ltr'>iam</span> <span class='ocrx_word' id='word_1_268' title='bbox 1283 2338 1371 2358; x_wconf 84' lang='lat' dir='ltr'>nunc</span> <span class='ocrx_word' id='word_1_269' title='bbox 1390 2331 1537 2368; x_wconf 77' lang='lat' dir='ltr'>transpo-</span> 
     </span>
     <span class='ocr_line' id='line_1_33' title="bbox 208 2370 1042 2412; baseline -0.002 -10"><span class='ocrx_word' id='word_1_270' title='bbox 208 2373 355 2403; x_wconf 77' lang='lat' dir='ltr'>nendum</span> <span class='ocrx_word' id='word_1_271' title='bbox 374 2376 449 2402; x_wconf 75' lang='lat' dir='ltr'>ante</span> <span class='ocrx_word' id='word_1_272' title='bbox 466 2372 710 2412; x_wconf 81' lang='lat' dir='ltr'>providendum</span> <span class='ocrx_word' id='word_1_273' title='bbox 729 2372 838 2401; x_wconf 70' lang='lat' dir='ltr'>conicit</span> <span class='ocrx_word' id='word_1_274' title='bbox 855 2370 1042 2411; x_wconf 68' lang='lat' dir='ltr'>lVesenbwg</span> 
     </span>
    </p>
   </div>
  </div>
 </body>
</html>
