1742 2651
147 100 193 136 X.
217 99 263 134 iv
588 100 642 136 M.
675 100 842 136 TVLLI
875 99 1180 138 CICERONIS

225 210 398 259 quidem,
421 211 487 261 qui
513 225 554 249 se
580 211 677 248 nihil
704 218 840 249 contra
866 211 981 249 huius
1001 213 1244 249 voluntatem
1268 212 1394 248 facere
1421 223 1546 260 posse,

223 277 377 325 elapsus
399 290 420 314 e
441 276 564 314 soceri
592 275 774 314 manibus
794 289 840 313 ac
861 277 960 313 ferro
980 277 1128 314 bellum
1150 283 1248 313 terra
1269 283 1306 313 et
1328 274 1422 312 mari
1447 288 1551 313 com-

223 348 331 389 parat
359 354 438 378 non
466 341 653 378 iniustum
680 341 743 378 ille
773 341 945 390 quidem,
969 342 1038 379 sed
1065 354 1155 378 cum
1183 340 1292 390 pium
1320 348 1403 377 tum
1433 339 1551 378 etiam

226 406 498 451 necessarium,
523 405 601 443 suis
631 413 762 443 tamen
791 405 940 444 civibus
968 405 1162 444 exitiabile
1190 405 1264 443 nisi
1287 404 1431 450 vicerit,
1455 406 1552 442 cala-

180 483 207 521 4
228 470 414 509 mitosum
435 470 552 508 etiam
577 471 607 508 si
629 471 773 509 vicerit.
835 473 991 509 Horum
1019 485 1091 521 ego
1119 483 1362 508 summorum
1390 469 1552 519 impera-
1572 484 1589 516 5

226 542 355 573 torum
376 549 456 573 non
478 537 598 573 modo
626 549 684 574 res
711 543 838 585 gestas
866 549 946 574 non
973 544 1174 585 antepono
1200 534 1295 573 meis
1320 535 1390 572 sed
1410 547 1460 572 ne
1480 535 1552 572 for-

224 607 359 637 tunam
392 599 553 650 quidem
587 600 736 650 ipsam:
780 614 856 650 qua
888 601 942 638 illi
974 600 1258 646 florentissima,
1291 613 1363 637 nos
1395 599 1552 638 duriore

222 665 436 703 conflictati
466 666 654 704 videmur.
716 666 816 714 Quis
846 666 952 704 enim
982 674 1110 716 potest
1139 673 1206 703 aut
1236 666 1390 703 deserta
1416 678 1484 714 per
1510 678 1552 703 se

222 730 346 780 patria
365 738 432 768 aut
456 744 642 781 oppressa
669 732 807 769 beatus
835 745 919 769 esse
935 733 952 768 ?
1010 733 1060 768 Et
1090 730 1131 776 si,
1156 739 1197 768 ut
1224 743 1295 768 nos
1316 744 1338 768 a
1359 737 1397 768 te
1417 731 1552 768 admo-

223 808 372 842 nemur,
404 803 507 834 recte
537 796 575 833 in
606 796 679 834 illis
709 796 815 834 libris
847 796 1016 834 diximus
1051 796 1147 833 nihil
1181 808 1266 833 esse
1296 796 1446 834 bonum
1476 795 1550 833 nisi
1573 811 1612 833 10

222 861 331 909 quod
353 861 573 907 honestum,
599 860 694 898 nihil
717 863 862 898 malum
885 861 958 899 nisi
980 863 1087 911 quod
1110 869 1221 910 turpe
1246 860 1305 906 sit,
1328 868 1431 898 certe
1452 867 1550 898 uter-

223 937 300 973 que
321 924 483 963 istorum
511 934 568 964 est
591 925 827 964 miserrimus
857 939 1025 976 quorum
1047 925 1201 975 utrique
1228 939 1381 975 semper
1404 925 1550 974 patriae

223 990 326 1027 salus
356 998 393 1028 et
423 990 591 1039 dignitas
622 990 812 1040 posterior
845 1004 914 1028 sua
948 990 1220 1029 dominatione
1254 997 1291 1027 et
1323 989 1550 1028 domesticis

180 1063 203 1101 5
223 1055 445 1093 commodis
466 1055 546 1093 fuit.
608 1057 809 1093 Praeclara
830 1055 943 1104 igitur
964 1054 1205 1093 conscientia
1228 1062 1438 1101 sustentor‚
1458 1068 1549 1092 cum

222 1118 353 1168 cogito
375 1133 436 1158 me
458 1121 507 1158 de
528 1134 566 1158 re
588 1120 745 1169 publica
765 1127 831 1158 aut
854 1120 1040 1159 meruisse
1061 1120 1209 1170 optime
1230 1134 1319 1158 cum
1341 1120 1547 1169 potuerim,
1575 1136 1609 1167 ¹5

221 1191 288 1221 aut
309 1192 413 1223 certe
434 1199 650 1235 numquam
674 1185 747 1223 nisi
768 1185 831 1235 pie
848 1185 1050 1235 cogitasse,
1067 1199 1191 1235 eaque
1212 1185 1296 1234 ipsa
1317 1193 1549 1235 tempestate

222 1263 396 1287 eversam
419 1264 503 1288 esse
530 1264 610 1288 rem
639 1250 838 1300 publicam
860 1264 978 1300 quam
1000 1264 1072 1300 ego
1093 1262 1187 1287 x1111
1209 1249 1322 1287 annis
1346 1257 1437 1287 ante
1464 1263 1549 1298 pro-

221 1314 425 1363 spexerim.
488 1317 577 1353 Hac
599 1315 713 1365 igitur
735 1315 977 1353 conscientia
998 1314 1141 1353 comite
1162 1314 1385 1364 proficiscar
1406 1328 1549 1364 magno

221 1379 408 1429 equidem
439 1394 529 1418 cum
560 1382 695 1419 dolore
727 1394 800 1419 nec
832 1388 911 1418 tam
941 1380 981 1419 id
1012 1388 1171 1430 propter
1203 1394 1265 1418 me
1296 1388 1363 1418 aut
1392 1388 1550 1430 propter

223 1445 378 1483 fratrem
410 1459 554 1493 meum,
584 1459 751 1495 quorum
783 1453 840 1484 est
870 1445 947 1483 iam
976 1453 1063 1484 acta
1097 1453 1214 1492 aetas,
1244 1459 1361 1495 quam
1392 1454 1550 1496 propter
1573 1462 1611 1483 20

223 1523 375 1560 pueros,
392 1511 535 1560 quibus
557 1511 753 1549 interdum
774 1511 953 1549 videmur
968 1518 1162 1560 praestare
1183 1511 1301 1549 etiam
1323 1525 1404 1549 rem
1426 1513 1550 1562 publi-

222 1588 309 1613 cam
324 1575 518 1614 debuisse.
570 1578 750 1625 Quorum
765 1576 924 1625 quidem
941 1578 1037 1614 alter
1053 1580 1158 1616 †non
1175 1581 1281 1617 tam†
1295 1577 1387 1627 quia
1404 1578 1550 1616 maiore

221 1639 366 1690 pietate
393 1648 451 1679 est
473 1654 535 1679 me
564 1641 791 1679 mirabiliter
817 1641 1021 1687 excruciat⁷
1045 1643 1141 1680 alter
1162 1643 1203 1691 (o
1234 1656 1316 1681 rem
1344 1643 1549 1682 miseram!

222 1705 318 1743 nihil
348 1705 453 1743 enim
485 1705 579 1743 mihi
609 1705 751 1744 accidit
781 1706 820 1743 in
848 1706 956 1744 omni
983 1706 1061 1744 vita
1089 1707 1285 1758 acerbius)
1306 1709 1549 1758 indulgentia

221 1769 403 1808 videlicet
424 1778 555 1808 nostra
575 1771 808 1820 depravatus
829 1784 877 1809 eo
897 1785 1124 1821 progressus
1145 1781 1202 1811 est
1219 1787 1298 1823 quo
1319 1788 1399 1813 non
1419 1776 1548 1813 audeo
1571 1786 1609 1817 25

221 1834 362 1873 dicere.
423 1837 472 1873 Et
503 1843 687 1885 exspecto
717 1843 801 1874 tuas
836 1836 1005 1874 litteras:
1044 1837 1230 1887 scripsisti
1260 1839 1364 1877 enim
1394 1847 1431 1877 te
1461 1840 1550 1878 scri-

174 1903 202 1940 6
222 1907 379 1949 pturum
401 1914 485 1938 esse
506 1902 616 1950 plura
637 1915 727 1939 cum
748 1901 877 1950 ipsum
898 1901 1071 1940 vidisses,
1134 1904 1264 1942 Omne
1286 1918 1416 1942 meum
1439 1905 1549 1943 obse-

222 1963 359 2013 quium
381 1964 419 2002 in
442 1965 550 2003 illum
573 1965 644 2003 fuit
664 1979 755 2003 cum
777 1967 899 2004 multa
920 1967 1134 2014 severitate,
1159 1982 1287 2018 neque
1316 1983 1438 2007 unum
1466 1969 1549 2008 eius

223 2042 295 2066 nec
330 2042 491 2078 parvum
526 2031 595 2068 sed
630 2032 753 2068 multa
791 2045 932 2080 magna
964 2032 1106 2070 delicta
1141 2033 1364 2083 compressi.
1426 2034 1549 2072 Patris

270 2143 283 2162 1
311 2136 384 2162 ante
400 2133 510 2164 facere
527 2134 604 2165 add.
625 2135 735 2164 aiebat
752 2134 850 2165 Rom.
1009 2146 1028 2174 3
1055 2137 1109 2166 ille
1127 2135 1178 2165 M¹
1196 2149 1202 2167 :
1228 2137 1309 2166 illud
1327 2137 1404 2167 cons.
1425 2135 1549 2167 lVesen-

223 2176 299 2215 berg
425 2187 441 2215 7
467 2177 617 2216 illilsort.
641 2178 684 2208 illi
703 2178 755 2208 usi
886 2179 924 2208 16
949 2179 1011 2208 nisi
1031 2180 1084 2218 pie
1103 2180 1244 2210 Rosius:
1269 2180 1332 2209 nisi
1350 2180 1404 2210 die
1420 2175 1550 2211 EOZb:

224 2219 341 2249 infidie
358 2218 434 2250 M1:
463 2221 565 2250 infide
583 2221 657 2251 M2':
688 2221 751 2252 nisi
770 2221 883 2252 divine
900 2222 925 2252 I.
978 2222 1026 2262 Cf.
1047 2221 1223 2253 Lehmann
1244 2222 1346 2254 ‘Am'
1363 2229 1416 2264 pp.
1436 2225 1468 2261 8,
1491 2235 1549 2263 137

225 2273 267 2293 20
291 2273 431 2302 quorum
451 2269 501 2294 est
519 2264 636 2295 Lamb.
653 2277 659 2294 ε
684 2275 825 2304 quorum
843 2271 879 2296 ut
895 2265 999 2296 codd:
1024 2271 1059 2296 ut
1076 2277 1214 2305 quorum
1231 2265 1382 2297 Schmidt
1510 2278 1551 2297 22

224 2317 291 2336 non
310 2307 391 2341 tam]
411 2308 444 2337 in
463 2308 655 2338 Terentiam
671 2307 821 2338 Schmidt
835 2320 841 2339 :
857 2309 936 2348 forl.
958 2309 990 2339 in
1009 2315 1150 2340 matrem
1167 2322 1173 2341 z
1198 2320 1266 2340 non
1284 2315 1349 2340 tarn
1368 2311 1445 2350 quia
1463 2311 1552 2341 filius

223 2361 324 2388 quam
343 2351 392 2380 vel
404 2350 505 2381 etiarn
524 2350 714 2392 sslalaspt'na
840 2353 882 2381 26
907 2352 963 2393 Et]
984 2353 1051 2383 Sed
1068 2353 1258 2394 Malaspina
1383 2364 1425 2393 29
1449 2355 1552 2385 multa

225 2398 259 2425 et
276 2404 396 2434 magna
413 2393 591 2425 Ascensins
