1742 2651
91 100 162 137 XI.
188 101 295 138 xviii
582 105 636 141 M.
670 105 838 141 TVLLI
871 103 1178 142 CICERONIS

214 215 283 251 sed
307 215 381 251 hoc
402 215 591 264 perditius
614 216 652 253 in
675 230 754 265 quo
782 229 887 254 nunc
912 229 999 253 sum
1028 216 1107 254 fieri
1135 216 1231 253 nihil
1253 222 1391 265 potest.
1451 216 1542 263 Qua

213 291 252 315 re
282 286 319 315 et
349 293 439 317 cum
465 281 641 319 Antonio
672 283 832 330 loquare
862 281 978 318 velim
1009 288 1046 318 et
1076 294 1167 318 cum
1201 280 1283 318 istis
1313 288 1351 318 et
1380 293 1472 326 rem,
1500 286 1544 316 πί

212 343 368 392 poteris,
391 345 575 394 expedias
605 353 642 383 et
671 345 765 382 mihi
796 359 915 394 quam
944 345 1113 395 primurn
1140 347 1190 384 de
1215 345 1399 383 omnibus
1424 345 1539 382 rebus

211 409 408 447 rescribas.
464 412 571 448 Vale.
632 422 691 447 ΧΗ
718 412 804 449 Kal.
830 411 993 459 Quintil.

253 605 362 639 XIX
523 607 592 639 Scr.
614 608 778 638 Brundisi
793 609 831 638 ,τί
843 608 886 639 K.
905 608 992 639 Sari.
1014 619 1044 640 a.
1066 618 1125 647 707
1144 608 1228 648 (47).
1560 622 1575 652 5

629 708 804 739 CICERO
829 708 1001 738 ATTICO
1028 707 1126 739 SAL.

174 810 190 837 1
265 797 366 834 Cum
390 796 464 833 tuis
485 797 577 834 dare
599 809 754 845 possem
777 796 922 833 litteras
950 809 1030 833 non
1056 794 1307 844 praetermisi,
1330 793 1401 832 etsi
1429 794 1538 843 quod

210 861 418 899 scriberem
442 875 520 898 non
542 862 750 899 habebam.
810 863 872 898 Tu
893 862 943 898 ad
966 874 1037 898 nos
1058 868 1095 898 et
1117 859 1236 897 rarius
1261 859 1396 897 scribis
1418 872 1535 908 quam

209 927 363 964 solebas
393 935 431 964 et
461 926 626 973 brevius,
657 927 775 964 credo
806 926 897 975 quia
928 925 1023 963 nihil
1052 926 1174 963 habes
1199 926 1306 974 quod
1335 938 1397 962 me
1424 932 1537 973 putes

209 991 374 1029 libenter
404 993 529 1041 legere
560 999 626 1029 aut
658 991 792 1029 audire
826 1005 950 1040 posse.
1011 993 1158 1029 Verum
1198 998 1328 1028 tamen
1359 989 1475 1027 velim
1505 989 1598 1028 siro

208 1056 303 1105 quid
343 1056 423 1102 erit,
456 1058 744 1105 qualecumque
785 1056 866 1102 erit,
902 1056 1058 1094 scribas.
1132 1057 1201 1092 Est
1241 1063 1371 1092 autem
1413 1068 1535 1092 unum

208 1122 315 1170 quod
338 1121 432 1158 mihi
460 1121 508 1158 sit
529 1122 747 1170 optandum
777 1121 806 1158 si
837 1121 932 1170 quid
960 1121 1021 1170 agi
1046 1122 1095 1159 de
1127 1134 1222 1170 pace
1251 1119 1398 1169 possit3
1427 1120 1536 1168 quod

207 1187 313 1224 nulla
334 1186 517 1235 equidem
546 1187 675 1224 habeo
704 1186 741 1223 in
769 1200 861 1235 spe:
891 1188 960 1224 sed
988 1186 1080 1235 quia
1105 1194 1145 1223 tu
1175 1185 1309 1223 leviter
1338 1185 1534 1223 interdum

207 1250 412 1299 significa&
436 1250 541 1300 cogis
565 1265 626 1289 me
648 1265 801 1300 sperare
822 1252 930 1300 quod
952 1252 1172 1300 optandum
1194 1250 1255 1287 vix
1276 1258 1344 1288 est.

163 1323 187 1350 2
262 1315 495 1353 Philotimus
517 1316 658 1353 dicitur
682 1318 739 1354 Id.
764 1319 864 1354 Sext.
914 1316 1022 1353 Nihil
1045 1316 1172 1354 habeo
1194 1317 1243 1353 de
1265 1315 1331 1353 illo
1352 1315 1530 1365 amplius.
1558 1331 1593 1362 15

206 1381 267 1417 Tu
303 1380 418 1418 velim
453 1381 503 1418 ad
539 1394 583 1418 ea
616 1380 710 1418 mihi
743 1381 931 1419 rescribas
963 1395 1064 1430 quae
1093 1382 1143 1419 ad
1175 1388 1212 1418 te
1241 1388 1356 1418 antea
1386 1380 1531 1430 scripsi.

207 1445 307 1482 Mihi
338 1454 490 1483 tantum
521 1446 707 1495 temporis
738 1446 830 1484 satis
860 1454 917 1485 est
943 1447 1037 1485 dum
1071 1455 1112 1484 ut
1142 1446 1181 1484 in
1211 1446 1390 1496 pessimis
1418 1446 1534 1483 rebus

203 1510 352 1560 aliquid
384 1524 543 1549 caveam
575 1511 641 1560 qui
675 1511 770 1549 nihil
810 1525 999 1561 umquam
1039 1511 1133 1550 cavi.
1195 1512 1304 1550 Vale.
1364 1523 1407 1548 xl
1444 1512 1530 1549 Kal.

204 1576 334 1614 Sextil.

247 1755 331 1789 XX
508 1757 576 1790 Ser.
598 1758 885 1790 31-1111d1‘sr'.1·zn'K.
907 1759 995 1798 Sept.
1016 1770 1044 1790 a.
1069 1769 1126 1798 707
1144 1758 1229 1798 (47l.
1554 1770 1594 1791 20

623 1858 798 1888 CICERO
823 1859 994 1889 ATTICO
1021 1858 1117 1889 SAL.

168 1956 184 1983 1
258 1959 343 1984 xvn
383 1949 431 1984 K.
462 1947 703 1996 Septembris
738 1954 895 1985 venerat
926 1947 989 1985 die
1020 1958 1155 1984 XXVIII
1188 1947 1374 1984 Seleucea
1408 1944 1531 1982 Pieria

205 2013 248 2051 C.
272 2011 446 2050 Treboni
476 2013 632 2049 libertus
660 2012 726 2061 qui
754 2026 795 2050 se
816 2012 1062 2050 Antiocheae
1084 2012 1230 2049 diceret
1260 2011 1365 2060 apud
1392 2011 1531 2049 Caesa-

204 2090 283 2115 rem
314 2076 456 2115 vidisse
488 2077 683 2125 Quintum
719 2077 841 2114 filium
877 2090 967 2115 cum
1001 2077 1156 2123 Hirti03
1196 2089 1262 2114 eos
1297 2077 1347 2113 de
1378 2075 1530 2123 Quinto

203 2154 304 2190 quae
337 2141 551 2179 voluissent
584 2141 813 2191 impetrasse
847 2143 956 2179 nullo
986 2141 1147 2191 quidem
1178 2140 1346 2190 negotio.
1408 2141 1529 2188 Quod
1552 2154 1589 2184 25

203 2219 276 2255 ego
306 2205 427 2255 magis
457 2207 668 2255 gauderem
699 2206 729 2243 si
760 2206 832 2243 ista
862 2206 976 2243 nobis
1006 2206 1211 2256 impetrata
1240 2205 1452 2254 quicquam
1479 2206 1529 2243 ad

246 2319 265 2338 2
290 2313 325 2338 ut
351 2308 424 2340 add.
450 2313 520 2340 vell.
658 2320 674 2348 7
700 2310 790 2348 quod
816 2309 963 2340 Emzt‘sli:
1000 2310 1080 2348 quid
1109 2309 1195 2340 codd.
1334 2318 1372 2339 10
1395 2309 1423 2339 si
1451 2308 1527 2339 add.

202 2352 379 2382 Asccnsins
514 2363 549 2391 17
577 2358 707 2382 tantum
735 2353 898 2391 temporis
923 2354 990 2383 secl.
1015 2353 1197 2393 Slernkopf
1319 2362 1360 2390 23
1383 2352 1528 2382 Treboni

203 2396 344 2426 libertus
361 2395 512 2427 Sclmn'dt
528 2408 534 2426 :
559 2396 715 2428 Treboni.
736 2407 754 2426 u
774 2395 833 2426 M:
857 2397 1045 2427 Trebonius
1061 2397 1150 2436 vulg.
