1742 2651
166 80 252 116 XV.
272 80 334 116 vii
628 83 683 119 M.
716 83 883 119 TVLLI
916 83 1222 121 CICERONIS

221 721 238 747 Ι

210 1375 235 1402 2

258 199 349 230 ante
366 206 483 242 quam
505 194 555 231 ad
577 207 666 231 eum
683 195 813 231 locum
831 193 931 239 veni,
947 194 1060 231 valde
1082 193 1177 231 mihi
1199 194 1378 244 placebat
1394 207 1484 232 cum
1505 209 1589 233 sen-

258 271 323 294 sus
351 257 433 295 eius
460 259 510 296 de
540 272 579 296 re
604 258 761 308 publica
783 262 897 297 ”tcum
926 263 1034 297 tum†
1056 258 1262 297 scribendi.
1322 259 1476 297 Servius
1497 273 1588 298 vero

259 322 484 371 pacificator
512 336 601 360 cum
633 322 828 360 librariolo
856 336 928 360 suo
957 322 1111 361 videtur
1137 323 1266 361 obisse
1293 324 1529 373 legationem
1550 333 1588 363 et

260 387 388 425 omnis
409 387 679 437 captiunculas
700 388 984 436 pertimescere.
1048 388 1247 426 Debuerat
1268 396 1399 426 autem
1421 403 1501 427 non
1522 393 1589 427 ‘ex

260 451 341 490 iure
359 465 518 490 manum
540 454 786 490 consertum'
807 454 877 490 secl
899 466 999 502 quae
1021 460 1260 502 sequunturg
1287 460 1408 502 tuque
1429 453 1584 492 scribes.

305 556 421 591 VIII
532 560 601 591 scr.
622 561 654 590 in
677 559 860 590 Tusculano
873 560 956 600 said.
978 560 1021 591 K.
1041 560 1117 591 Iun.
1136 571 1165 590 a.
1190 571 1244 599 710
1260 562 1346 601 (44).

666 637 835 667 CICERO
866 637 1046 667 ATTICO
1077 636 1182 668 SAL.

312 711 406 747 Post
426 717 537 747 tuum
559 710 775 748 discessum
804 709 916 747 binas
942 723 965 747 a
994 711 1119 748 Balbo
1141 709 1253 760 (nihil
1284 710 1391 760 novi)
1413 710 1587 760 itemque

255 774 306 811 ab
329 774 470 822 Hirtio,
491 775 557 825 qui
579 790 619 814 se
640 775 773 813 scribit
791 777 1043 814 vehementer
1060 777 1253 813 offensum
1275 789 1359 813 esse
1379 775 1582 814 veteranis.

258 840 468 889 Exspectat
506 840 659 878 animus
700 840 889 890 quidnam
929 855 1042 890 agam
1082 842 1132 878 de
1174 843 1223 878 K.
1266 838 1429 892 [Mart]
1492 840 1584 878 Misi

256 903 370 952 igitur
408 904 596 943 Tironem
629 914 666 943 et
702 920 791 943 cum
827 906 974 944 Tirone
1010 905 1129 955 pluris
1162 906 1305 955 quibus
1340 906 1510 956 singulis,
1543 913 1585 944 ut

255 969 430 1020 quidque
463 970 680 1017 accidisset,
713 973 825 1009 dares
865 971 1020 1017 litteras,
1053 979 1172 1021 atque
1210 971 1327 1009 etiam
1367 971 1500 1021 scripsi
1535 973 1585 1009 ad

253 1035 473 1073 Antonium
504 1037 554 1074 de
583 1036 788 1086 legatione,
821 1051 881 1083 ne,
919 1036 949 1074 si
979 1038 1029 1075 ad
1063 1037 1311 1075 Dolabellam
1341 1038 1468 1074 solum
1499 1036 1586 1074 scri-

254 1099 430 1148 psissem,
446 1100 656 1139 iracundus
675 1103 796 1139 homo
812 1109 1135 1140 commoveretur.
1175 1103 1296 1150 Quod
1309 1109 1441 1139 autem
1455 1101 1584 1139 aditus

253 1166 303 1202 ad
325 1179 414 1203 eum
437 1165 630 1203 difficilior
651 1180 736 1204 esse
758 1167 914 1214 dicitur)
930 1167 1064 1216 scripsi
1085 1168 1136 1204 ad
1158 1168 1413 1216 Eutrapelum
1435 1174 1476 1204 ut
1498 1166 1528 1203 is
1549 1166 1583 1204 ei

1608 858 1645 879 10

255 1244 360 1268 meas
382 1231 526 1269 litteras
544 1233 723 1269 redderet
742 1246 749 1278 ς
780 1232 974 1282 legatione
991 1231 1086 1269 mihi
1108 1245 1207 1282 opus
1229 1245 1323 1270 esse.
1366 1231 1584 1269 Honestior
1616 1271 1619 1275 ,

252 1303 310 1333 est
331 1296 471 1343 votiva,
496 1298 564 1334 sed
586 1297 675 1335 licet
697 1297 752 1334 uti
775 1306 948 1347 utraque.

310 1362 371 1399 De
407 1369 453 1407 te,
484 1375 642 1411 quaeso,
679 1362 796 1399 etiam
832 1370 950 1412 atque
984 1362 1101 1401 etiam
1133 1362 1233 1401 vide.
1293 1362 1422 1400 Velim
1457 1362 1582 1412 possis

253 1439 384 1463 coram
403 1441 410 1471 3
440 1425 471 1463 si
494 1426 622 1464 minus
645 1425 818 1479 [possis],
841 1427 976 1465 litteris
997 1428 1103 1465 idem
1125 1441 1424 1477 consequemur.
1467 1429 1583 1466 Grae-

252 1491 358 1530 ceius
378 1492 429 1529 ad
451 1505 513 1529 me
535 1491 686 1541 scripsit
704 1493 747 1531 C.
766 1492 946 1531 Cassium
968 1492 1041 1530 sibi
1058 1492 1257 1542 scripsisse
1278 1492 1458 1530 homines
1479 1506 1582 1531 com-

252 1556 375 1607 parari
406 1556 473 1606 qui
502 1556 640 1594 armati
661 1556 700 1594 in
722 1559 993 1595 Tusculanum
1015 1557 1268 1595 mitterentur.
1328 1558 1403 1596 †Id
1420 1557 1581 1607 quidem

252 1621 347 1659 mibi
369 1621 623 1668 videbatur†;
654 1623 723 1660 sed
754 1624 975 1660 cavendum
996 1630 1128 1660 tamen
1153 1627 1219 1662 †ut
1240 1621 1303 1660 ille
1330 1626 1431 1672 quel*
1451 1623 1580 1672 plures

250 1687 454 1726 videndae.
517 1688 594 1725 Sed
622 1687 771 1738 aliquid
793 1687 983 1726 crastinus
1004 1687 1088 1726 dies
1108 1688 1159 1726 ad
1180 1687 1435 1738 cogitandum
1464 1687 1579 1726 nobis

250 1754 402 1793 †dare†.

292 1851 357 1885 IX
492 1854 560 1885 Ser.
583 1855 615 1884 ῐιι
639 1854 824 1885 Tusculano
842 1855 873 1885 iv
888 1854 974 1884 Non.
995 1854 1070 1884 Ilm.
1091 1865 1120 1885 a.
1144 1864 1200 1893 710
1218 1854 1305 1896 (44).

657 1914 828 1945 CICERO
858 1912 1042 1945 ATTICO
1067 1913 1174 1944 SAL.

302 1988 364 2013 1111
388 1977 492 2013 Non.
512 1975 662 2025 vesperi
683 1990 706 2013 a
728 1976 852 2013 Balbo
873 1977 1048 2013 redditae
1065 1974 1160 2012 mihi
1181 1974 1329 2012 litterae
1351 1976 1431 2012 fore
1448 1974 1576 2013 Nonis

247 2048 437 2087 senatum,
471 2048 513 2078 ut
546 2043 688 2078 Brutus
716 2040 755 2077 in
784 2039 888 2085 Asia,
920 2038 1078 2078 Cassius
1106 2039 1145 2076 in
1176 2039 1306 2077 Sicilia
1335 2040 1574 2077 frumentum

291 2139 309 2157 2
334 2127 419 2165 tum]
447 2138 555 2166 genus
575 2127 626 2157 Fr.
648 2126 817 2156 Srlmu'dt:
839 2135 920 2156 cura
938 2126 1062 2156 Rom:
1089 2124 1179 2155 τόνος
1199 2127 1277 2156 com‘.
1298 2125 1383 2155 Baio!
1555 2137 1575 2165 3

246 2171 380 2201 videtur
398 2171 484 2210 vulg.
506 2171 541 2210 (f
561 2171 615 2201 vii.
640 2181 687 2208 14.
706 2180 726 2208 3
746 2167 933 2200 :videntur
957 2166 1036 2199 MZ‘
1172 2180 1209 2200 10
1235 2169 1332 2199 Mart.
1355 2169 1422 2199 secl.
1444 2168 1575 2208 Popma

247 2225 285 2254 19
310 2215 418 2253 possis
444 2225 510 2245 0112.
540 2213 725 2253 ll'csenbmgr
885 2224 923 2244 21
947 2218 1022 2244 ante
1047 2214 1079 2243 id
1103 2213 1177 2243 add.
1207 2213 1412 2242 Ementitum
1439 2212 1578 2254 illadwg

245 2269 286 2288 22
306 2262 380 2298 post
402 2257 482 2287 mihi
506 2257 582 2288 add.
607 2268 675 2288 non
699 2257 791 2294 Pius,
818 2257 875 2287 vix
899 2256 1009 2295 Klotz,
1037 2257 1172 2286 mentiri
1196 2256 1249 2286 Fr.
1274 2254 1433 2289 Schmidt,
1455 2257 1571 2286 mirum

247 2301 361 2337 Mrvcr,
395 2301 491 2331 nihili
521 2301 607 2331 Rm'd
750 2306 785 2331 ut
812 2301 867 2330 ille
894 2300 974 2340 que]
1001 2300 1195 2338 tutelaeque
1221 2299 1380 2339 Madm'g:
1406 2300 1572 2338 villaeque

251 2338 459 2385 ll'bscnberg:
484 2345 685 2384 vigiliaeque
701 2345 799 2375 Klotz
947 2355 988 2382 23
1012 2344 1173 2373 visendae
1203 2341 1390 2383 ll'esenbctg
1486 2342 1571 2382 Sed]

248 2389 357 2418 Debet
375 2388 516 2428 flladvz'g
661 2399 700 2427 24
726 2388 824 2429 dare]
844 2388 884 2419 de
902 2399 941 2418 ea
965 2399 999 2418 rc
1016 2387 1158 2417 Bost'us:
1183 2386 1273 2416 dabit
1291 2385 1392 2416 Rom.
1412 2398 1418 2417 :
1442 2387 1572 2417 adseret

243 2433 323 2462 coni.
349 2429 539 2474 chsenhm‘g

1603 1506 1642 1527 20

1599 1864 1636 1896 ²5
