1742 2651
122 116 193 153 XI.
217 115 277 151 vii
599 118 654 155 M.
688 118 857 154 TVLLI
891 116 1199 155 CICERONIS

232 227 337 277 prius
367 227 476 265 illum
508 227 674 266 viderint
702 242 764 266 me
794 229 900 278 apud
931 242 1021 266 eum
1051 229 1170 267 velint
1200 229 1378 267 adiutum
1409 237 1561 268 tantum

232 299 424 341 quantum
446 306 519 341 ego
540 292 627 330 illos
649 294 789 330 vellem
812 292 842 330 si
865 292 960 341 quid
981 306 1138 342 possem
1159 297 1165 330 Ξ

186 359 210 396 8
287 358 408 405 Quod
439 370 551 406 rogas
578 364 619 394 ut
645 357 683 393 in
708 358 854 394 bonam
884 366 1032 406 partem
1063 357 1253 407 accipiam
1275 358 1306 396 si
1327 373 1405 408 qua
1425 359 1501 397 sint
1522 360 1561 397 in

232 421 308 459 tuis
329 422 463 459 litteris
485 435 586 471 quae
615 435 676 459 me
704 423 922 468 mordeant,
946 436 1019 471 ego
1040 435 1131 460 vero
1159 422 1197 459 in
1225 423 1416 472 optimam
1445 432 1562 473 teque

232 499 325 535 rogo
347 494 387 523 ut
407 494 552 536 aperte,
575 499 694 536 quem
715 488 766 524 ad
788 488 951 524 modum
978 487 1086 531 facis,
1107 487 1251 525 scribas
1272 489 1322 526 ad
1346 502 1408 526 me
1429 488 1562 527 omnia
1586 500 1597 506 ·

231 550 351 600 idque
373 551 489 589 facias
512 565 629 601 quam
652 551 889 601 saepissime.
952 553 1060 589 Vale.
1121 564 1213 589 xlm
1240 554 1288 590 K.
1315 554 1396 591 Ian.

273 713 390 748 VIII
537 715 607 748 Ser.
628 715 793 747 Brundisi
806 717 866 747 xiii
879 717 921 747 K.
942 716 1016 748 Ian.
1038 727 1067 749 a.
1090 718 1151 756 706
1170 718 1256 758 (48).

645 805 820 835 CICERO
847 805 1021 835 ATTICO
1048 805 1145 836 SAL.

194 902 211 929 1
286 887 456 936 Quantis
496 887 597 926 curis
632 887 817 925 conficiar
856 887 927 925 etsi
963 889 1139 937 profecto
1172 887 1291 935 vides,
1330 896 1461 927 tamen
1500 903 1562 927 co-

230 966 396 1002 gnosces
431 966 476 990 ex
512 954 637 1002 Lepta
671 961 708 990 et
743 952 942 991 Trebatio.
1016 953 1210 990 Maximas
1245 967 1392 1003 poenas
1428 956 1560 1004 pendo

229 1017 457 1056 temeritatis
489 1031 599 1055 meae
629 1031 748 1067 quam
776 1025 817 1055 tu
842 1017 1091 1067 prudentiam
1120 1017 1214 1055 mihi
1242 1018 1363 1057 videri
1384 1019 1468 1066 vis;
1499 1033 1562 1057 ne-

229 1095 306 1132 que
334 1091 371 1120 te
399 1084 577 1121 deterreo
609 1096 688 1132 quo
722 1083 851 1120 minus
884 1082 924 1121 id
956 1082 1132 1132 disputes
1164 1083 1390 1134 scribasque
1419 1086 1470 1122 ad
1499 1098 1562 1122 me

229 1163 347 1199 quam
374 1149 612 1198 saepissime.
674 1151 767 1187 Non
798 1149 895 1186 nihil
923 1149 1028 1187 enim
1057 1163 1120 1188 me
1148 1151 1278 1187 levant
1300 1158 1389 1187 tuae
1412 1149 1561 1188 litterae

230 1215 306 1252 hoc
336 1222 524 1264 tempore.
586 1217 659 1252 Per
686 1228 753 1253 eos
782 1214 849 1264 qui
880 1222 1013 1252 nostra
1042 1228 1160 1252 causa
1186 1216 1323 1252 volunt
1350 1216 1560 1264 valentque

228 1280 334 1328 apud
365 1279 473 1317 illum
504 1279 801 1329 diligentissime
833 1281 1051 1317 contendas
1079 1293 1178 1330 opus
1203 1287 1272 1326 est,
1296 1293 1363 1329 per
1391 1281 1559 1318 Balbum
1604 1297 1618 1327 ,-

229 1351 267 1381 et
289 1343 463 1393 Oppium
495 1343 673 1390 maxime,
698 1351 738 1381 ut
759 1345 809 1381 de
831 1357 893 1382 me
914 1343 1085 1382 scribant
1106 1358 1225 1394 quam
1246 1344 1554 1394 diligentissime.

230 1410 517 1458 Oppugnamur
546 1409 663 1456 enim,
687 1417 727 1447 ut
752 1409 882 1455 audio,
905 1417 943 1448 et
969 1423 991 1447 a
1018 1410 1289 1459 praesentibus
1319 1410 1558 1459 quibusdam

229 1481 267 1512 et
294 1488 362 1523 per
389 1474 544 1512 litteras.
606 1474 659 1511 Iis
690 1474 741 1511 ita
773 1483 830 1512 est
862 1476 1149 1513 occurrendum
1178 1484 1219 1513 ut
1247 1475 1301 1513 rei
1329 1475 1560 1525 magnitudo

185 1540 411 1588 2postulat.
483 1539 616 1576 Fufius
655 1546 712 1576 est
751 1538 839 1584 illic,
881 1539 976 1576 mihi
1017 1539 1319 1577 inimicissimus.
1387 1540 1560 1588 Quintus

231 1603 334 1640 misit
356 1603 478 1641 filium
510 1617 589 1641 non
618 1605 744 1640 solum
767 1603 825 1641 sui
850 1605 1146 1653 deprecatorem
1175 1606 1244 1643 sed
1266 1605 1383 1643 etiam
1405 1618 1559 1643 accusa·
1583 1635 1595 1641 -

230 1676 353 1706 torem
387 1668 474 1706 mei.
536 1668 699 1706 Dictitat
731 1682 772 1707 se
803 1682 825 1706 a
858 1683 920 1707 me
951 1671 1058 1719 apud
1089 1671 1298 1709 Caesarem
1330 1669 1557 1720 oppugnari,

230 1735 339 1783 quod
379 1733 515 1771 refellit
549 1734 693 1772 Caesar
725 1733 808 1783 ipse
847 1748 1066 1784 omnesque
1101 1735 1183 1772 eius
1215 1734 1340 1772 amici.
1418 1736 1561 1784 Neque

230 1811 321 1836 vero
351 1798 513 1844 desistit,
543 1798 785 1848 ubicumque
814 1807 882 1845 est,
907 1799 1040 1837 omnia
1070 1799 1109 1837 in
1141 1813 1203 1838 me
1234 1799 1442 1838 maledicta
1472 1812 1562 1837 con-

230 1864 337 1901 ferre.
398 1863 505 1901 Nihil
528 1863 623 1901 mihi
645 1877 834 1913 umquam
863 1871 941 1902 tam
970 1864 1199 1903 incredibile
1219 1865 1373 1912 accidit,
1397 1864 1493 1901 nihil
1521 1863 1560 1901 in

231 1928 290 1965 his
325 1928 436 1965 malis
471 1935 551 1966 tam
582 1929 780 1967 acerbum.
841 1928 921 1977 Qui
953 1943 999 1967 ex
1034 1929 1120 1978 ipso
1150 1929 1352 1968 audissent
1384 1943 1473 1967 cum
1507 1929 1561 1966 Si·
1582 1940 1595 1960 2

231 2007 355 2042 cyone
376 1995 505 2043 palam
528 1994 659 2032 multis
680 1994 933 2032 audientibus
950 1996 1174 2044 loqueretur
1191 1995 1335 2033 nefaria
1352 1996 1559 2044 quaedam,

231 2059 281 2095 ad
303 2071 365 2095 me
386 2060 638 2107 pertulerunt.
690 2058 806 2096 Nosti
826 2072 960 2108 genus,
984 2059 1102 2097 etiam
1123 2068 1303 2109 expertus
1324 2073 1364 2097 es
1385 2061 1558 2097 fortasse.

234 2124 281 2160 In
303 2136 365 2160 me
387 2122 425 2160 id
447 2130 505 2160 est
526 2136 644 2161 omne
665 2136 909 2161 conversum.
970 2124 1048 2161 Sed
1065 2137 1190 2173 augeo
1211 2125 1561 2162 commemorando

233 2189 411 2225 dolorem
433 2195 469 2225 et
492 2188 592 2226 facio
613 2188 731 2226 etiam
754 2187 833 2226 tibi.
895 2190 985 2236 Qua
1010 2202 1049 2226 re
1073 2190 1123 2227 ad
1145 2189 1240 2226 illud
1268 2190 1396 2227 redeo.
1458 2190 1562 2227 Cura

280 2301 294 2321 1
321 2290 465 2320 viderint
480 2290 646 2320 Corradus
662 2303 667 2320 :
692 2291 850 2321 viderunt
867 2289 928 2319 M:
953 2291 1055 2321 vider.
1071 2301 1124 2321 me
1141 2291 1198 2322 W:
1224 2291 1388 2321 videbunt
1404 2291 1563 2321 Graevius

233 2337 254 2365 6
278 2344 341 2364 xm
364 2333 409 2363 W
535 2344 556 2372 9
580 2334 740 2364 conficiar
766 2334 855 2364 CIV:
890 2335 1016 2364 afficiar
1039 2338 1093 2365 ΣΔ
1229 2336 1266 2364 18
1291 2345 1352 2374 per
1368 2346 1432 2366 om.
1458 2335 1559 2365 WM¹

234 2384 286 2408 est
309 2376 353 2406 W
364 2377 471 2408 Crat.:
496 2387 560 2406 om.
582 2380 635 2407 ΣΔ
753 2388 791 2416 19
817 2376 930 2407 Fufius
948 2377 1043 2409 Man.
1061 2390 1067 2409 z
1093 2378 1240 2409 Furnius
1262 2378 1405 2409 Wcodd.
1519 2379 1561 2408 28

236 2422 276 2452 In
294 2432 311 2452 s
326 2433 333 2451 :
361 2421 391 2450 id
410 2421 498 2451 ceteri
511 2419 598 2450 codd.
