1742 2651
565 97 677 132 EPP.
710 97 786 132 Ar)
820 96 1077 133 ATTICVM
1377 97 1488 133 XVI.
1510 95 1555 131 iii

155 208 196 244 z'lz
222 207 476 245 attributione
498 207 592 244 mihi
620 207 782 245 nomina
809 206 952 256 ignota,
975 206 1200 253 conturbor,
1224 221 1297 245 nec
1326 221 1389 244 me
1410 208 1490 245 ulla

153 287 212 310 res
252 272 374 322 magis
413 272 519 321 angit
558 287 605 310 ex
638 271 834 310 omnibus.
916 273 1055 321 Itaque
1094 285 1172 310 non
1218 272 1315 309 mihi
1354 272 1490 310 videor

152 351 298 375 errasse
329 338 438 386 quod
469 338 519 375 ad
554 337 723 374 Balbum
755 336 890 386 scripsi
919 336 1090 386 apertius
1120 344 1173 383 ut,
1206 336 1237 374 si
1277 337 1373 386 quid
1412 338 1488 374 tale

150 401 359 440 accidisset
389 409 431 439 ut
465 416 545 441 non
581 409 858 440 concurrerent
891 401 1064 447 nomina,
1087 401 1313 439 subveniret
1345 416 1488 451 meque

114 475 130 505 5
152 467 222 505 tibi
250 467 367 505 etiam
398 469 609 506 mandasse
638 475 691 514 ut,
722 467 753 505 si
783 467 879 516 quid
910 467 993 505 eius
1018 467 1127 505 modi
1154 467 1373 513 accidisset,
1397 483 1487 506 cum

151 546 189 569 eo
223 533 546 571 communicares.
609 534 730 581 Quod
765 533 893 580 facies,
935 533 967 571 si
1006 533 1076 571 tibi
1115 533 1322 581 videbitur,
1359 549 1488 584 eoque

151 597 285 646 magis,
309 597 339 635 si
361 597 619 647 proficisceris
640 597 679 635 in
702 597 877 648 Epirum.

207 663 321 699 Haec
355 676 428 711 ego
460 663 734 700 conscendens
766 678 787 700 e
822 663 1068 713 Pompeiano
1106 663 1229 702 tribus
1262 664 1486 702 actuariolis
1507 670 1534 707 6

151 727 462 765 deceniscalmis.
523 730 667 766 Brutus
688 736 769 766 erat
790 728 829 766 in
858 729 1008 767 Neside
1035 730 1152 768 etiam
1174 745 1292 777 nunc,
1315 731 1486 780 Neapoli

94 805 133 826 10
153 792 322 831 Cassius.
385 793 541 842 Ecquid
570 807 679 831 amas
710 794 941 832 Deiotarum
972 803 1009 833 et
1042 809 1122 834 non
1151 809 1260 833 amas
1292 796 1488 834 Hieram?

152 857 243 905 Qui,
268 865 308 895 ut
341 858 560 896 Blesamius
581 858 687 896 venit
713 860 764 897 ad
792 873 866 906 me,
889 873 979 897 cum
1010 860 1045 898 ei
1075 860 1356 910 praescriptum
1385 869 1487 899 esset

150 936 200 960 ne
225 922 321 972 quid
351 923 435 961 sine
465 923 570 961 Sexti
598 923 719 961 nostri
748 924 943 962 sententia
969 933 1111 974 ageret,
1141 939 1270 975 neque
1297 927 1348 963 ad
1376 926 1485 964 illum

150 1001 279 1036 neque
313 989 364 1025 ad
399 1002 642 1038 quemquam
676 996 854 1026 nostrum
887 990 1044 1027 rettulit.
1104 990 1277 1028 Atticam
1312 999 1485 1029 nostram

149 1052 268 1102 cupio
297 1053 504 1090 absentem
534 1053 711 1091 suaviari.
773 1055 834 1091 Ita
858 1054 911 1091 mi
941 1054 1068 1092 dulcis
1096 1057 1199 1093 salus
1220 1055 1301 1093 visa
1330 1063 1388 1093 est
1417 1069 1486 1105 per

95 1127 129 1158 15
150 1124 187 1154 te
210 1117 327 1155 missa
346 1118 398 1155 ab
419 1117 493 1155 illa.
555 1119 718 1156 Referes
739 1118 854 1168 igitur
873 1119 909 1157 ei
936 1119 1144 1168 plurimam
1169 1119 1343 1170 itemque
1364 1120 1485 1160 Piliae

149 1181 258 1220 dicas
279 1182 406 1220 velim.

192 1291 259 1325 IV
413 1294 482 1325 Ser.
504 1295 538 1326 in
554 1294 737 1326 Pulcolano
754 1295 787 1325 vi
800 1294 851 1325 Id.
877 1295 989 1334 Quint.
1006 1306 1039 1328 a.
1063 1305 1120 1335 710
1138 1296 1227 1337 (44).

558 1372 730 1403 CICERO
754 1373 935 1403 ATTICO
957 1373 1067 1404 SAL.

206 1445 267 1481 Ita
293 1451 334 1482 ut
361 1444 443 1482 heri
470 1443 539 1481 tibi
568 1443 718 1482 narravi
743 1446 803 1482 vel
830 1445 994 1482 fortasse
1018 1445 1138 1484 hodie
1161 1445 1350 1497 (Quintus
1377 1445 1482 1484 enim
1505 1456 1520 1481 1

91 1525 130 1546 20
148 1510 271 1546 altero
310 1509 374 1547 die
413 1523 455 1547 se
495 1508 654 1558 aiebat),
689 1509 728 1546 in
761 1509 911 1547 Nesida
946 1522 1019 1547 vul
1057 1512 1163 1549 Idus.
1225 1511 1286 1549 Ibi
1327 1513 1480 1548 Brutus.

150 1576 282 1622 Quam
304 1574 367 1613 ille
388 1574 515 1613 doluit
536 1575 586 1612 de
608 1576 745 1612 NOle
768 1576 920 1612 IVLlls!
952 1575 1113 1613 mirifice
1134 1583 1192 1613 est
1213 1576 1479 1614 conturbatus.

150 1642 291 1689 Itaque
331 1654 416 1678 sese
455 1639 690 1689 scripturum
729 1639 859 1678 aiebat
899 1647 938 1677 ut
973 1640 1223 1678 venationem
1263 1654 1349 1679 eam
1381 1654 1483 1690 quae

148 1704 337 1754 postridie
367 1706 482 1743 ludos
512 1704 751 1753 Apollinaris
780 1706 909 1742 futura
938 1712 996 1743 est
1035 1704 1322 1754 proscriberent
1359 1706 1400 1742 in
1436 1718 1482 1743 111

150 1781 243 1807 1Dvs
274 1781 496 1813 QVINTiLis.
570 1769 672 1808 Libo
707 1769 925 1808 intervenit.
998 1770 1036 1807 Is
1073 1769 1281 1808 Philonem
1318 1770 1483 1820 Pompei

90 1849 127 1880 25
149 1834 332 1872 libertum
365 1842 403 1872 et
439 1834 622 1872 Hilarum
654 1848 769 1872 suum
802 1834 985 1873 libertum
1017 1834 1171 1872 venisse
1197 1848 1220 1872 a
1244 1837 1361 1873 Sexto
1391 1849 1482 1873 cum

148 1899 283 1937 litteris
317 1900 368 1937 ad
399 1901 582 1937 consules
623 1899 703 1937 sive
738 1913 819 1949 quo
856 1900 933 1938 alio
974 1899 1135 1938 nomine
1174 1907 1274 1937 sunt.
1336 1902 1481 1938 Earum

148 1966 372 2015 exemplum
394 1965 509 2003 nobis
530 1964 633 2014 legit,
657 1964 687 2002 si
715 1964 811 2014 quid
833 1965 1038 2003 videretur.
1099 1968 1230 2004 Pauca
1251 1968 1349 2015 παρὰ
1367 1968 1479 2013 λέξιν,

147 2030 348 2080 ceteroqui
379 2038 417 2068 et
447 2029 539 2067 satis
568 2029 733 2079 graviter
762 2038 801 2068 et
835 2044 915 2069 non
950 2031 1246 2069 contumaciter.
1306 2034 1481 2070 Tantum

146 2095 241 2134 addi
283 2095 443 2145 placuit,
475 2096 584 2145 quod
619 2102 699 2133 erat
741 2107 847 2133 coss.
888 2098 1026 2143 solum,
1069 2104 1111 2134 ut
1150 2104 1251 2135 esset
1293 2109 1478 2145 PRAETT.‚

87 2173 128 2203 30
148 2173 280 2198 TRIBB.
306 2173 378 2207 PL„
402 2172 590 2207 SENATw,
612 2174 662 2198 ne
683 2159 737 2198 illi
757 2174 838 2199 non
859 2163 1074 2211 proferrent
1095 2176 1159 2201 eas
1181 2177 1282 2212 quae
1302 2165 1352 2201 ad
1373 2163 1479 2212 ipsos

195 2276 208 2295 1
235 2266 267 2295 in
284 2266 506 2296 attributione
524 2264 673 2295 Ernesti:
698 2276 762 2296 om.
784 2266 818 2296 in
839 2265 926 2296 codd.
944 2277 949 2296 2
976 2277 1019 2296 ex
1038 2267 1258 2298 attributione
1276 2279 1354 2299 cont.
1372 2268 1479 2298 Boot:

147 2309 375 2339 attributionis
395 2309 497 2339 Orelli
604 2310 625 2338 6
649 2319 689 2338 eo
706 2308 783 2340 add.
802 2309 890 2349 vulg.
1020 2320 1058 2340 10
1084 2310 1228 2341 Hieram
1250 2312 1325 2342 Vict.
1347 2324 1353 2342 :
1379 2312 1478 2342 Eram

148 2352 189 2381 M
322 2363 357 2390 14
382 2353 556 2382 absentem
574 2363 602 2382 v.
622 2362 645 2382 c.
668 2352 696 2382 L
715 2355 857 2393 (mm'gs)
877 2347 921 2381 Zb
940 2353 1027 2384 Crat.
1049 2365 1056 2383 ε
1079 2364 1145 2385 om.
1168 2358 1222 2385 ΣΔ
1378 2366 1419 2394 23
1444 2356 1477 2385 111

147 2394 224 2426 add.
249 2395 439 2435 Wesenbmg
569 2405 611 2433 30
636 2395 729 2434 ipsos
749 2396 804 2425 M1
820 2408 826 2426 z
851 2407 888 2426 se
906 2397 998 2435 ipsos
1017 2396 1189 2428 EORM2s
