<?xml version="1.0" encoding="UTF-8"?>
<!DOCTYPE html PUBLIC "-//W3C//DTD XHTML 1.0 Transitional//EN"
    "http://www.w3.org/TR/xhtml1/DTD/xhtml1-transitional.dtd">
<html xmlns="http://www.w3.org/1999/xhtml" xml:lang="en" lang="en">
 <head>
  <title>
</title>
<meta http-equiv="Content-Type" content="text/html;charset=utf-8" />
  <meta name='ocr-system' content='tesseract 3.04.00' />
  <meta name='ocr-capabilities' content='ocr_page ocr_carea ocr_par ocr_line ocrx_word'/>
</head>
<body>
  <div class='ocr_page' id='page_1' title='image "./p2epistulaerecog02ciceuoft_0141.png"; bbox 0 0 1742 2651; ppageno 0'>
   <div class='ocr_carea' id='block_1_1' title="bbox 604 114 1668 153">
    <p class='ocr_par' dir='ltr' id='par_1_1' title="bbox 604 114 1668 153">
     <span class='ocr_line' id='line_1_1' title="bbox 604 114 1668 153; baseline 0 -1"><span class='ocrx_word' id='word_1_1' title='bbox 604 115 715 152; x_wconf 88' lang='lat' dir='ltr'>EPP.</span> <span class='ocrx_word' id='word_1_2' title='bbox 747 115 825 151; x_wconf 82' lang='lat' dir='ltr'>AD</span> <span class='ocrx_word' id='word_1_3' title='bbox 856 114 1114 153; x_wconf 84' lang='lat' dir='ltr'><strong>ATTICVM</strong></span> <span class='ocrx_word' id='word_1_4' title='bbox 1439 115 1534 152; x_wconf 87' lang='lat' dir='ltr'><strong>XII.</strong></span> <span class='ocrx_word' id='word_1_5' title='bbox 1558 114 1668 152; x_wconf 86' lang='lat' dir='ltr'><strong>xxiv</strong></span> 
     </span>
    </p>
   </div>
   <div class='ocr_carea' id='block_1_2' title="bbox 159 225 1570 655">
    <p class='ocr_par' dir='ltr' id='par_1_2' title="bbox 199 225 1570 472">
     <span class='ocr_line' id='line_1_2' title="bbox 200 225 1570 275; baseline 0 -11"><span class='ocrx_word' id='word_1_6' title='bbox 200 239 264 264; x_wconf 90' lang='lat' dir='ltr'>me</span> <span class='ocrx_word' id='word_1_7' title='bbox 293 225 437 264; x_wconf 84' lang='lat' dir='ltr'>scribas</span> <span class='ocrx_word' id='word_1_8' title='bbox 464 225 591 264; x_wconf 89' lang='lat' dir='ltr'>velim.</span> <span class='ocrx_word' id='word_1_9' title='bbox 653 228 702 264; x_wconf 90' lang='lat' dir='ltr'>Et</span> <span class='ocrx_word' id='word_1_10' title='bbox 734 233 775 264; x_wconf 90' lang='lat' dir='ltr'>ut</span> <span class='ocrx_word' id='word_1_11' title='bbox 803 227 854 264; x_wconf 89' lang='lat' dir='ltr'>ad</span> <span class='ocrx_word' id='word_1_12' title='bbox 884 239 990 264; x_wconf 86' lang='lat' dir='ltr'>meas</span> <span class='ocrx_word' id='word_1_13' title='bbox 1020 225 1185 275; x_wconf 73' lang='lat' dir='ltr'>ineptias</span> <span class='ocrx_word' id='word_1_14' title='bbox 1216 227 1387 273; x_wconf 81' lang='lat' dir='ltr'>redeam,</span> <span class='ocrx_word' id='word_1_15' title='bbox 1410 226 1525 264; x_wconf 89' lang='lat' dir='ltr'>velim</span> <span class='ocrx_word' id='word_1_16' title='bbox 1546 237 1570 264; x_wconf 88' lang='lat'>2</span> 
     </span>
     <span class='ocr_line' id='line_1_3' title="bbox 200 290 1525 331; baseline -0.002 -1"><span class='ocrx_word' id='word_1_17' title='bbox 200 305 264 330; x_wconf 89' lang='lat' dir='ltr'>me</span> <span class='ocrx_word' id='word_1_18' title='bbox 302 291 504 330; x_wconf 78' lang='lat' dir='ltr'><strong>certiorem</strong></span> <span class='ocrx_word' id='word_1_19' title='bbox 550 291 667 329; x_wconf 88' lang='lat' dir='ltr'>facias</span> <span class='ocrx_word' id='word_1_20' title='bbox 707 293 748 329; x_wconf 91' lang='lat' dir='ltr'>P.</span> <span class='ocrx_word' id='word_1_21' title='bbox 791 292 953 331; x_wconf 76' lang='lat' dir='ltr'>Crassus</span> <span class='ocrx_word' id='word_1_22' title='bbox 985 292 1201 331; x_wconf 88' lang='lat' dir='ltr'>Venuleiae</span> <span class='ocrx_word' id='word_1_23' title='bbox 1245 292 1346 330; x_wconf 91' lang='lat' dir='ltr'>filius</span> <span class='ocrx_word' id='word_1_24' title='bbox 1385 290 1525 329; x_wconf 86' lang='lat' dir='ltr'>vivone</span> 
     </span>
     <span class='ocr_line' id='line_1_4' title="bbox 200 356 1525 406; baseline -0.001 -12"><span class='ocrx_word' id='word_1_25' title='bbox 200 359 240 394; x_wconf 90' lang='lat' dir='ltr'>P.</span> <span class='ocrx_word' id='word_1_26' title='bbox 269 358 411 396; x_wconf 88' lang='lat' dir='ltr'>Crasso</span> <span class='ocrx_word' id='word_1_27' title='bbox 445 356 639 395; x_wconf 85' lang='lat' dir='ltr'>consulari</span> <span class='ocrx_word' id='word_1_28' title='bbox 666 365 774 406; x_wconf 87' lang='lat' dir='ltr'>patre</span> <span class='ocrx_word' id='word_1_29' title='bbox 809 370 880 394; x_wconf 89' lang='lat' dir='ltr'>suo</span> <span class='ocrx_word' id='word_1_30' title='bbox 919 364 1095 395; x_wconf 86' lang='lat' dir='ltr'>mortuus</span> <span class='ocrx_word' id='word_1_31' title='bbox 1128 357 1185 403; x_wconf 86' lang='lat' dir='ltr'>sit,</span> <span class='ocrx_word' id='word_1_32' title='bbox 1213 365 1255 395; x_wconf 92' lang='lat' dir='ltr'>ut</span> <span class='ocrx_word' id='word_1_33' title='bbox 1286 370 1359 406; x_wconf 82' lang='lat' dir='ltr'>ego</span> <span class='ocrx_word' id='word_1_34' title='bbox 1392 356 1525 394; x_wconf 94' lang='lat' dir='ltr'>memi-</span> 
     </span>
     <span class='ocr_line' id='line_1_5' title="bbox 199 421 1525 472; baseline -0.001 -13"><span class='ocrx_word' id='word_1_35' title='bbox 199 421 302 459; x_wconf 88' lang='lat' dir='ltr'>nisse</span> <span class='ocrx_word' id='word_1_36' title='bbox 319 422 463 468; x_wconf 87' lang='lat' dir='ltr'>videor,</span> <span class='ocrx_word' id='word_1_37' title='bbox 481 435 530 459; x_wconf 88' lang='lat' dir='ltr'>an</span> <span class='ocrx_word' id='word_1_38' title='bbox 548 429 692 470; x_wconf 87' lang='lat' dir='ltr'>postea.</span> <span class='ocrx_word' id='word_1_39' title='bbox 746 423 847 459; x_wconf 88' lang='lat' dir='ltr'>Item</span> <span class='ocrx_word' id='word_1_40' title='bbox 873 435 1018 471; x_wconf 88' lang='lat' dir='ltr'>quaero</span> <span class='ocrx_word' id='word_1_41' title='bbox 1039 423 1089 460; x_wconf 90' lang='lat' dir='ltr'>de</span> <span class='ocrx_word' id='word_1_42' title='bbox 1109 422 1264 472; x_wconf 82' lang='lat' dir='ltr'>Regillo</span> <span class='ocrx_word' id='word_1_43' title='bbox 1282 421 1422 471; x_wconf 91' lang='lat' dir='ltr'>Lepidi</span> <span class='ocrx_word' id='word_1_44' title='bbox 1444 421 1525 459; x_wconf 86' lang='lat' dir='ltr'>filio</span> 
     </span>
    </p>

    <p class='ocr_par' dir='ltr' id='par_1_3' title="bbox 159 486 1570 655">
     <span class='ocr_line' id='line_1_6' title="bbox 159 486 1570 537; baseline 0 -13"><span class='ocrx_word' id='word_1_45' title='bbox 159 500 176 530; x_wconf 90' lang='lat'>5</span> <span class='ocrx_word' id='word_1_46' title='bbox 198 494 354 524; x_wconf 89' lang='lat' dir='ltr'>rectene</span> <span class='ocrx_word' id='word_1_47' title='bbox 386 486 630 524; x_wconf 74' lang='lat' dir='ltr'>meminerim</span> <span class='ocrx_word' id='word_1_48' title='bbox 662 494 771 535; x_wconf 89' lang='lat' dir='ltr'>patre</span> <span class='ocrx_word' id='word_1_49' title='bbox 801 486 890 525; x_wconf 84' lang='lat' dir='ltr'>vivo</span> <span class='ocrx_word' id='word_1_50' title='bbox 922 494 1131 525; x_wconf 89' lang='lat' dir='ltr'>mortuum.</span> <span class='ocrx_word' id='word_1_51' title='bbox 1192 487 1379 537; x_wconf 86' lang='lat' dir='ltr'>Cispiana</span> <span class='ocrx_word' id='word_1_52' title='bbox 1410 486 1525 536; x_wconf 79' lang='lat' dir='ltr'>expli-</span> <span class='ocrx_word' id='word_1_53' title='bbox 1545 495 1570 531; x_wconf 86' lang='lat'><strong>3</strong></span> 
     </span>
     <span class='ocr_line' id='line_1_7' title="bbox 197 551 1524 602; baseline 0.001 -14"><span class='ocrx_word' id='word_1_54' title='bbox 197 551 305 588; x_wconf 88' lang='lat' dir='ltr'>cabis</span> <span class='ocrx_word' id='word_1_55' title='bbox 326 551 498 600; x_wconf 84' lang='lat' dir='ltr'>itemque</span> <span class='ocrx_word' id='word_1_56' title='bbox 520 551 717 589; x_wconf 84' lang='lat' dir='ltr'>Preciana.</span> <span class='ocrx_word' id='word_1_57' title='bbox 776 553 838 590; x_wconf 90' lang='lat' dir='ltr'>De</span> <span class='ocrx_word' id='word_1_58' title='bbox 859 551 990 590; x_wconf 83' lang='lat' dir='ltr'>Attica</span> <span class='ocrx_word' id='word_1_59' title='bbox 1010 552 1170 602; x_wconf 87' lang='lat' dir='ltr'>optime.</span> <span class='ocrx_word' id='word_1_60' title='bbox 1231 554 1282 590; x_wconf 85' lang='lat' dir='ltr'>Et</span> <span class='ocrx_word' id='word_1_61' title='bbox 1303 552 1337 590; x_wconf 93' lang='lat' dir='ltr'>ei</span> <span class='ocrx_word' id='word_1_62' title='bbox 1359 553 1524 590; x_wconf 88' lang='lat' dir='ltr'>salutem</span> 
     </span>
     <span class='ocr_line' id='line_1_8' title="bbox 197 616 517 655; baseline 0.003 -1"><span class='ocrx_word' id='word_1_63' title='bbox 197 616 304 654; x_wconf 85' lang='lat' dir='ltr'>dices</span> <span class='ocrx_word' id='word_1_64' title='bbox 326 624 363 655; x_wconf 89' lang='lat' dir='ltr'>et</span> <span class='ocrx_word' id='word_1_65' title='bbox 386 617 517 655; x_wconf 78' lang='lat' dir='ltr'>Piliae.</span> 
     </span>
    </p>
   </div>
   <div class='ocr_carea' id='block_1_3' title="bbox 239 718 1202 830">
    <p class='ocr_par' dir='ltr' id='par_1_4' title="bbox 239 718 1202 830">
     <span class='ocr_line' id='line_1_9' title="bbox 239 718 1202 764; baseline 0.002 -12"><span class='ocrx_word' id='word_1_66' title='bbox 239 718 367 752; x_wconf 88' lang='lat' dir='ltr'>XXV</span> <span class='ocrx_word' id='word_1_67' title='bbox 507 721 574 753; x_wconf 74' lang='lat' dir='ltr'>Ser.</span> <span class='ocrx_word' id='word_1_68' title='bbox 595 722 740 752; x_wconf 78' lang='lat' dir='ltr'>Asturae</span> <span class='ocrx_word' id='word_1_69' title='bbox 755 722 804 752; x_wconf 73' lang='lat' dir='ltr'>xii</span> <span class='ocrx_word' id='word_1_70' title='bbox 819 722 862 754; x_wconf 86' lang='lat' dir='ltr'>K.</span> <span class='ocrx_word' id='word_1_71' title='bbox 884 722 969 763; x_wconf 84' lang='lat' dir='ltr'>Apr.</span> <span class='ocrx_word' id='word_1_72' title='bbox 989 733 1019 753; x_wconf 85' lang='grc' dir='ltr'>α.</span> <span class='ocrx_word' id='word_1_73' title='bbox 1042 733 1100 763; x_wconf 82' lang='grc'>709</span> <span class='ocrx_word' id='word_1_74' title='bbox 1120 722 1202 764; x_wconf 66' lang='grc' dir='ltr'>(ᾳς).</span> 
     </span>
     <span class='ocr_line' id='line_1_10' title="bbox 599 798 1104 830; baseline 0.002 -1"><span class='ocrx_word' id='word_1_75' title='bbox 599 798 771 830; x_wconf 79' lang='lat' dir='ltr'><em>CICERO</em></span> <span class='ocrx_word' id='word_1_76' title='bbox 792 798 975 829; x_wconf 80' lang='lat' dir='ltr'><em>ATTICO</em></span> <span class='ocrx_word' id='word_1_77' title='bbox 998 799 1104 830; x_wconf 74' lang='lat' dir='ltr'>SAL.</span> 
     </span>
    </p>
   </div>
   <div class='ocr_carea' id='block_1_4' title="bbox 136 875 1567 1837">
    <p class='ocr_par' dir='ltr' id='par_1_5' title="bbox 138 875 1563 1185">
     <span class='ocr_line' id='line_1_11' title="bbox 138 875 1563 926; baseline 0.002 -14"><span class='ocrx_word' id='word_1_78' title='bbox 138 890 177 912; x_wconf 94' lang='lat'>10</span> <span class='ocrx_word' id='word_1_79' title='bbox 251 875 412 925; x_wconf 83' lang='lat' dir='ltr'>Scripsit</span> <span class='ocrx_word' id='word_1_80' title='bbox 435 877 486 914; x_wconf 89' lang='lat' dir='ltr'>ad</span> <span class='ocrx_word' id='word_1_81' title='bbox 514 889 577 914; x_wconf 90' lang='lat' dir='ltr'>me</span> <span class='ocrx_word' id='word_1_82' title='bbox 597 876 802 925; x_wconf 80' lang='lat' dir='ltr'>diligenter</span> <span class='ocrx_word' id='word_1_83' title='bbox 824 876 935 914; x_wconf 85' lang='lat' dir='ltr'>Sicca</span> <span class='ocrx_word' id='word_1_84' title='bbox 955 878 1005 914; x_wconf 91' lang='lat' dir='ltr'>de</span> <span class='ocrx_word' id='word_1_85' title='bbox 1027 877 1122 914; x_wconf 83' lang='lat' dir='ltr'>Silio</span> <span class='ocrx_word' id='word_1_86' title='bbox 1150 890 1269 926; x_wconf 90' lang='lat' dir='ltr'>seque</span> <span class='ocrx_word' id='word_1_87' title='bbox 1299 877 1350 914; x_wconf 91' lang='lat' dir='ltr'>ad</span> <span class='ocrx_word' id='word_1_88' title='bbox 1377 883 1415 914; x_wconf 87' lang='lat' dir='ltr'>te</span> <span class='ocrx_word' id='word_1_89' title='bbox 1442 889 1524 914; x_wconf 89' lang='lat' dir='ltr'>rem</span> <span class='ocrx_word' id='word_1_90' title='bbox 1546 887 1563 915; x_wconf 91' lang='lat'>1</span> 
     </span>
     <span class='ocr_line' id='line_1_12' title="bbox 196 941 1524 991; baseline -0.001 -12"><span class='ocrx_word' id='word_1_91' title='bbox 196 941 406 988; x_wconf 79' lang='lat' dir='ltr'>detulisse;</span> <span class='ocrx_word' id='word_1_92' title='bbox 437 943 545 991; x_wconf 85' lang='lat' dir='ltr'>quod</span> <span class='ocrx_word' id='word_1_93' title='bbox 573 949 613 979; x_wconf 87' lang='lat' dir='ltr'>tu</span> <span class='ocrx_word' id='word_1_94' title='bbox 641 941 746 979; x_wconf 91' lang='lat' dir='ltr'>idem</span> <span class='ocrx_word' id='word_1_95' title='bbox 777 941 922 979; x_wconf 79' lang='lat' dir='ltr'>scribis.</span> <span class='ocrx_word' id='word_1_96' title='bbox 984 941 1085 979; x_wconf 84' lang='lat' dir='ltr'>Mihi</span> <span class='ocrx_word' id='word_1_97' title='bbox 1116 949 1153 979; x_wconf 88' lang='lat' dir='ltr'>et</span> <span class='ocrx_word' id='word_1_98' title='bbox 1184 955 1242 979; x_wconf 87' lang='lat' dir='ltr'>res</span> <span class='ocrx_word' id='word_1_99' title='bbox 1273 949 1310 979; x_wconf 91' lang='lat' dir='ltr'>et</span> <span class='ocrx_word' id='word_1_100' title='bbox 1339 941 1524 979; x_wconf 90' lang='lat' dir='ltr'>condicio</span> 
     </span>
     <span class='ocr_line' id='line_1_13' title="bbox 195 1005 1520 1056; baseline -0.001 -13"><span class='ocrx_word' id='word_1_101' title='bbox 195 1007 323 1055; x_wconf 87' lang='lat' dir='ltr'>placet</span> <span class='ocrx_word' id='word_1_102' title='bbox 366 1007 435 1044; x_wconf 83' lang='lat' dir='ltr'>sed</span> <span class='ocrx_word' id='word_1_103' title='bbox 475 1006 527 1044; x_wconf 86' lang='lat' dir='ltr'>ita</span> <span class='ocrx_word' id='word_1_104' title='bbox 566 1014 607 1044; x_wconf 90' lang='lat' dir='ltr'>ut</span> <span class='ocrx_word' id='word_1_105' title='bbox 645 1014 850 1044; x_wconf 85' lang='lat' dir='ltr'>numerato</span> <span class='ocrx_word' id='word_1_106' title='bbox 900 1006 1031 1044; x_wconf 83' lang='lat' dir='ltr'>malim</span> <span class='ocrx_word' id='word_1_107' title='bbox 1071 1020 1191 1056; x_wconf 90' lang='lat' dir='ltr'>quam</span> <span class='ocrx_word' id='word_1_108' title='bbox 1237 1005 1520 1044; x_wconf 71' lang='lat' dir='ltr'>aestimatione.</span> 
     </span>
     <span class='ocr_line' id='line_1_14' title="bbox 196 1071 1523 1121; baseline 0.001 -14"><span class='ocrx_word' id='word_1_109' title='bbox 196 1071 447 1120; x_wconf 83' lang='lat' dir='ltr'>Voluptarias</span> <span class='ocrx_word' id='word_1_110' title='bbox 486 1071 590 1109; x_wconf 88' lang='lat' dir='ltr'>enim</span> <span class='ocrx_word' id='word_1_111' title='bbox 632 1071 899 1121; x_wconf 86' lang='lat' dir='ltr'>possessiones</span> <span class='ocrx_word' id='word_1_112' title='bbox 938 1073 1045 1109; x_wconf 85' lang='lat' dir='ltr'>nolet</span> <span class='ocrx_word' id='word_1_113' title='bbox 1085 1071 1226 1114; x_wconf 70' lang='lat' dir='ltr'>Silius3</span> <span class='ocrx_word' id='word_1_114' title='bbox 1269 1071 1523 1120; x_wconf 82' lang='lat' dir='ltr'>vectigalibus</span> 
     </span>
     <span class='ocr_line' id='line_1_15' title="bbox 194 1135 1525 1185; baseline -0.001 -12"><span class='ocrx_word' id='word_1_115' title='bbox 194 1143 326 1173; x_wconf 88' lang='lat' dir='ltr'>autem</span> <span class='ocrx_word' id='word_1_116' title='bbox 359 1144 398 1173; x_wconf 87' lang='lat' dir='ltr'>ut</span> <span class='ocrx_word' id='word_1_117' title='bbox 430 1136 488 1173; x_wconf 90' lang='lat' dir='ltr'>his</span> <span class='ocrx_word' id='word_1_118' title='bbox 521 1149 680 1185; x_wconf 88' lang='lat' dir='ltr'>possum</span> <span class='ocrx_word' id='word_1_119' title='bbox 716 1150 800 1174; x_wconf 85' lang='lat' dir='ltr'>esse</span> <span class='ocrx_word' id='word_1_120' title='bbox 832 1144 1042 1174; x_wconf 85' lang='lat' dir='ltr'>contentus</span> <span class='ocrx_word' id='word_1_121' title='bbox 1073 1150 1174 1185; x_wconf 92' lang='lat' dir='ltr'>quae</span> <span class='ocrx_word' id='word_1_122' title='bbox 1209 1137 1348 1182; x_wconf 88' lang='lat' dir='ltr'>habeo,</span> <span class='ocrx_word' id='word_1_123' title='bbox 1378 1135 1433 1173; x_wconf 87' lang='lat' dir='ltr'>sic</span> <span class='ocrx_word' id='word_1_124' title='bbox 1463 1135 1525 1173; x_wconf 80' lang='lat' dir='ltr'>vix</span> 
     </span>
    </p>

    <p class='ocr_par' dir='ltr' id='par_1_6' title="bbox 138 1200 1524 1511">
     <span class='ocr_line' id='line_1_16' title="bbox 138 1200 1524 1251; baseline 0.001 -14"><span class='ocrx_word' id='word_1_125' title='bbox 138 1214 174 1246; x_wconf 83' lang='lat'>15</span> <span class='ocrx_word' id='word_1_126' title='bbox 195 1200 423 1238; x_wconf 89' lang='lat' dir='ltr'>minoribus.</span> <span class='ocrx_word' id='word_1_127' title='bbox 484 1202 600 1239; x_wconf 88' lang='lat' dir='ltr'>Vnde</span> <span class='ocrx_word' id='word_1_128' title='bbox 639 1215 729 1251; x_wconf 78' lang='lat' dir='ltr'>ergo</span> <span class='ocrx_word' id='word_1_129' title='bbox 769 1204 1004 1239; x_wconf 84' lang='lat' dir='ltr'>numerato?</span> <span class='ocrx_word' id='word_1_130' title='bbox 1062 1203 1132 1239; x_wconf 82' lang='lat' dir='ltr'>HS</span> <span class='ocrx_word' id='word_1_131' title='bbox 1164 1213 1216 1239; x_wconf 88' lang='lat' dir='ltr'>Dc</span> <span class='ocrx_word' id='word_1_132' title='bbox 1247 1201 1440 1250; x_wconf 78' lang='lat' dir='ltr'>exprimes</span> <span class='ocrx_word' id='word_1_133' title='bbox 1473 1201 1524 1238; x_wconf 94' lang='lat' dir='ltr'>ab</span> 
     </span>
     <span class='ocr_line' id='line_1_17' title="bbox 196 1265 1524 1316; baseline 0 -13"><span class='ocrx_word' id='word_1_134' title='bbox 196 1267 463 1315; x_wconf 79' lang='lat' dir='ltr'>Hermogene,</span> <span class='ocrx_word' id='word_1_135' title='bbox 497 1280 587 1304; x_wconf 88' lang='lat' dir='ltr'>cum</span> <span class='ocrx_word' id='word_1_136' title='bbox 627 1265 851 1316; x_wconf 86' lang='lat' dir='ltr'>praesertim</span> <span class='ocrx_word' id='word_1_137' title='bbox 892 1280 1052 1304; x_wconf 84' lang='lat' dir='ltr'>necesse</span> <span class='ocrx_word' id='word_1_138' title='bbox 1087 1266 1157 1304; x_wconf 89' lang='lat' dir='ltr'>erit</span> <span class='ocrx_word' id='word_1_139' title='bbox 1192 1274 1229 1304; x_wconf 90' lang='lat' dir='ltr'>et</span> <span class='ocrx_word' id='word_1_140' title='bbox 1264 1266 1373 1304; x_wconf 89' lang='lat' dir='ltr'>domi</span> <span class='ocrx_word' id='word_1_141' title='bbox 1408 1266 1524 1304; x_wconf 88' lang='lat' dir='ltr'>video</span> 
     </span>
     <span class='ocr_line' id='line_1_18' title="bbox 193 1331 1524 1381; baseline 0.001 -13"><span class='ocrx_word' id='word_1_142' title='bbox 193 1344 278 1368; x_wconf 87' lang='lat' dir='ltr'>esse</span> <span class='ocrx_word' id='word_1_143' title='bbox 310 1333 379 1369; x_wconf 77' lang='lat' dir='ltr'>Hs</span> <span class='ocrx_word' id='word_1_144' title='bbox 406 1343 468 1369; x_wconf 86' lang='lat' dir='ltr'>Dc.</span> <span class='ocrx_word' id='word_1_145' title='bbox 530 1331 721 1380; x_wconf 76' lang='lat' dir='ltr'>Reliquae</span> <span class='ocrx_word' id='word_1_146' title='bbox 751 1331 941 1380; x_wconf 88' lang='lat' dir='ltr'>pecuniae</span> <span class='ocrx_word' id='word_1_147' title='bbox 971 1333 1031 1369; x_wconf 83' lang='lat' dir='ltr'>vel</span> <span class='ocrx_word' id='word_1_148' title='bbox 1062 1344 1218 1369; x_wconf 89' lang='lat' dir='ltr'>usuram</span> <span class='ocrx_word' id='word_1_149' title='bbox 1251 1331 1345 1369; x_wconf 85' lang='lat' dir='ltr'>Silio</span> <span class='ocrx_word' id='word_1_150' title='bbox 1380 1333 1524 1381; x_wconf 87' lang='lat' dir='ltr'>pende-</span> 
     </span>
     <span class='ocr_line' id='line_1_19' title="bbox 195 1395 1523 1446; baseline 0.002 -14"><span class='ocrx_word' id='word_1_151' title='bbox 195 1409 290 1441; x_wconf 82' lang='lat' dir='ltr'>mus,</span> <span class='ocrx_word' id='word_1_152' title='bbox 325 1397 420 1434; x_wconf 90' lang='lat' dir='ltr'>dum</span> <span class='ocrx_word' id='word_1_153' title='bbox 460 1410 483 1434; x_wconf 89' lang='lat' dir='ltr'>a</span> <span class='ocrx_word' id='word_1_154' title='bbox 514 1395 678 1434; x_wconf 78' lang='lat' dir='ltr'>Faberio</span> <span class='ocrx_word' id='word_1_155' title='bbox 712 1398 772 1434; x_wconf 86' lang='lat' dir='ltr'>vel</span> <span class='ocrx_word' id='word_1_156' title='bbox 804 1410 893 1434; x_wconf 90' lang='lat' dir='ltr'>cum</span> <span class='ocrx_word' id='word_1_157' title='bbox 933 1396 1066 1445; x_wconf 88' lang='lat' dir='ltr'>aliquo</span> <span class='ocrx_word' id='word_1_158' title='bbox 1105 1396 1172 1446; x_wconf 90' lang='lat' dir='ltr'>qui</span> <span class='ocrx_word' id='word_1_159' title='bbox 1206 1396 1372 1434; x_wconf 85' lang='lat' dir='ltr'>Faberio</span> <span class='ocrx_word' id='word_1_160' title='bbox 1404 1397 1523 1434; x_wconf 89' lang='lat' dir='ltr'>debet</span> 
     </span>
     <span class='ocr_line' id='line_1_20' title="bbox 193 1460 1522 1511; baseline 0 -13"><span class='ocrx_word' id='word_1_161' title='bbox 193 1461 583 1510; x_wconf 78' lang='lat' dir='ltr'>repraesentabimus.</span> <span class='ocrx_word' id='word_1_162' title='bbox 644 1460 727 1498; x_wconf 88' lang='lat' dir='ltr'>Erit</span> <span class='ocrx_word' id='word_1_163' title='bbox 748 1460 864 1499; x_wconf 87' lang='lat' dir='ltr'>etiam</span> <span class='ocrx_word' id='word_1_164' title='bbox 886 1461 1035 1511; x_wconf 89' lang='lat' dir='ltr'>aliquid</span> <span class='ocrx_word' id='word_1_165' title='bbox 1056 1461 1250 1499; x_wconf 81' lang='lat' dir='ltr'>alicunde.</span> <span class='ocrx_word' id='word_1_166' title='bbox 1301 1462 1379 1499; x_wconf 84' lang='lat' dir='ltr'>Sed</span> <span class='ocrx_word' id='word_1_167' title='bbox 1400 1468 1522 1499; x_wconf 85' lang='lat' dir='ltr'>totam</span> 
     </span>
    </p>

    <p class='ocr_par' dir='ltr' id='par_1_7' title="bbox 136 1526 1567 1576">
     <span class='ocr_line' id='line_1_21' title="bbox 136 1526 1567 1576; baseline 0.003 -15"><span class='ocrx_word' id='word_1_168' title='bbox 136 1540 175 1561; x_wconf 87' lang='lat'>20</span> <span class='ocrx_word' id='word_1_169' title='bbox 194 1539 275 1563; x_wconf 92' lang='lat' dir='ltr'>rem</span> <span class='ocrx_word' id='word_1_170' title='bbox 297 1534 337 1563; x_wconf 89' lang='lat' dir='ltr'>tu</span> <span class='ocrx_word' id='word_1_171' title='bbox 365 1526 611 1575; x_wconf 78' lang='lat' dir='ltr'>gubernabis.</span> <span class='ocrx_word' id='word_1_172' title='bbox 674 1526 877 1563; x_wconf 83' lang='lat' dir='ltr'>Drusianis</span> <span class='ocrx_word' id='word_1_173' title='bbox 902 1539 993 1564; x_wconf 86' lang='lat' dir='ltr'>vero</span> <span class='ocrx_word' id='word_1_174' title='bbox 1020 1526 1142 1564; x_wconf 82' lang='lat' dir='ltr'>hortis</span> <span class='ocrx_word' id='word_1_175' title='bbox 1170 1527 1295 1564; x_wconf 84' lang='lat' dir='ltr'>multo</span> <span class='ocrx_word' id='word_1_176' title='bbox 1322 1533 1522 1576; x_wconf 88' lang='lat' dir='ltr'>antepono</span> <span class='ocrx_word' id='word_1_177' title='bbox 1543 1539 1567 1566; x_wconf 89' lang='lat'>2</span> 
     </span>
    </p>

    <p class='ocr_par' dir='ltr' id='par_1_8' title="bbox 194 1590 1523 1640">
     <span class='ocr_line' id='line_1_22' title="bbox 194 1590 1523 1640; baseline 0 -12"><span class='ocrx_word' id='word_1_178' title='bbox 194 1604 323 1639; x_wconf 86' lang='lat' dir='ltr'>neque</span> <span class='ocrx_word' id='word_1_179' title='bbox 344 1598 434 1628; x_wconf 90' lang='lat' dir='ltr'>sunt</span> <span class='ocrx_word' id='word_1_180' title='bbox 456 1604 643 1640; x_wconf 87' lang='lat' dir='ltr'>umquam</span> <span class='ocrx_word' id='word_1_181' title='bbox 666 1591 891 1640; x_wconf 90' lang='lat' dir='ltr'>comparati.</span> <span class='ocrx_word' id='word_1_182' title='bbox 948 1590 1050 1628; x_wconf 85' lang='lat' dir='ltr'>Mihi</span> <span class='ocrx_word' id='word_1_183' title='bbox 1071 1592 1199 1637; x_wconf 88' lang='lat' dir='ltr'>crede,</span> <span class='ocrx_word' id='word_1_184' title='bbox 1222 1604 1301 1628; x_wconf 89' lang='lat' dir='ltr'>una</span> <span class='ocrx_word' id='word_1_185' title='bbox 1322 1604 1384 1628; x_wconf 90' lang='lat' dir='ltr'>me</span> <span class='ocrx_word' id='word_1_186' title='bbox 1405 1604 1523 1628; x_wconf 86' lang='lat' dir='ltr'>causa</span> 
     </span>
    </p>

    <p class='ocr_par' dir='ltr' id='par_1_9' title="bbox 192 1655 1522 1837">
     <span class='ocr_line' id='line_1_23' title="bbox 194 1655 1522 1706; baseline 0.001 -13"><span class='ocrx_word' id='word_1_187' title='bbox 194 1663 325 1694; x_wconf 80' lang='lat' dir='ltr'>movet</span> <span class='ocrx_word' id='word_1_188' title='bbox 346 1655 384 1692; x_wconf 93' lang='lat' dir='ltr'>in</span> <span class='ocrx_word' id='word_1_189' title='bbox 406 1669 483 1705; x_wconf 90' lang='lat' dir='ltr'>qua</span> <span class='ocrx_word' id='word_1_190' title='bbox 504 1656 585 1693; x_wconf 85' lang='lat' dir='ltr'>scio</span> <span class='ocrx_word' id='word_1_191' title='bbox 607 1670 670 1694; x_wconf 92' lang='lat' dir='ltr'>me</span> <span class='ocrx_word' id='word_1_192' title='bbox 690 1657 937 1706; x_wconf 81' lang='grc' dir='ltr'>τετυφῶσθαι.</span> <span class='ocrx_word' id='word_1_193' title='bbox 996 1657 1085 1701; x_wconf 86' lang='lat' dir='ltr'>Sed,</span> <span class='ocrx_word' id='word_1_194' title='bbox 1110 1663 1151 1693; x_wconf 90' lang='lat' dir='ltr'>ut</span> <span class='ocrx_word' id='word_1_195' title='bbox 1176 1655 1281 1702; x_wconf 79' lang='lat' dir='ltr'>facis,</span> <span class='ocrx_word' id='word_1_196' title='bbox 1304 1656 1522 1705; x_wconf 89' lang='lat' dir='ltr'>obsequere</span> 
     </span>
     <span class='ocr_line' id='line_1_24' title="bbox 193 1720 1521 1773; baseline 0 -15"><span class='ocrx_word' id='word_1_197' title='bbox 193 1721 284 1759; x_wconf 92' lang='lat' dir='ltr'>huic</span> <span class='ocrx_word' id='word_1_198' title='bbox 306 1721 422 1759; x_wconf 92' lang='lat' dir='ltr'>errori</span> <span class='ocrx_word' id='word_1_199' title='bbox 443 1735 543 1759; x_wconf 62' lang='lat' dir='ltr'>mec).</span> <span class='ocrx_word' id='word_1_200' title='bbox 604 1723 706 1759; x_wconf 87' lang='lat' dir='ltr'>Nam</span> <span class='ocrx_word' id='word_1_201' title='bbox 729 1723 837 1771; x_wconf 90' lang='lat' dir='ltr'>quod</span> <span class='ocrx_word' id='word_1_202' title='bbox 866 1721 1001 1760; x_wconf 87' lang='lat' dir='ltr'>scribis</span> <span class='ocrx_word' id='word_1_203' title='bbox 1022 1724 1031 1740; x_wconf 80' lang='lat'><em>‘</em></span> <span class='ocrx_word' id='word_1_204' title='bbox 1047 1722 1265 1773; x_wconf 76' lang='grc' dir='ltr'>ἐγγήραμα,’</span> <span class='ocrx_word' id='word_1_205' title='bbox 1285 1728 1416 1758; x_wconf 82' lang='lat' dir='ltr'>actum</span> <span class='ocrx_word' id='word_1_206' title='bbox 1444 1720 1521 1758; x_wconf 86' lang='lat' dir='ltr'>iam</span> 
     </span>
     <span class='ocr_line' id='line_1_25' title="bbox 192 1786 866 1837; baseline 0.001 -13"><span class='ocrx_word' id='word_1_207' title='bbox 192 1787 242 1824; x_wconf 88' lang='lat' dir='ltr'>de</span> <span class='ocrx_word' id='word_1_208' title='bbox 263 1786 337 1824; x_wconf 89' lang='lat' dir='ltr'>isto</span> <span class='ocrx_word' id='word_1_209' title='bbox 358 1794 440 1834; x_wconf 76' lang='lat' dir='ltr'>cst3</span> <span class='ocrx_word' id='word_1_210' title='bbox 470 1786 544 1824; x_wconf 85' lang='lat' dir='ltr'>alia</span> <span class='ocrx_word' id='word_1_211' title='bbox 566 1786 687 1836; x_wconf 80' lang='lat' dir='ltr'>magis</span> <span class='ocrx_word' id='word_1_212' title='bbox 709 1801 866 1837; x_wconf 87' lang='lat' dir='ltr'>quaero.</span> 
     </span>
    </p>
   </div>
   <div class='ocr_carea' id='block_1_5' title="bbox 136 1894 1197 2008">
    <p class='ocr_par' dir='ltr' id='par_1_10' title="bbox 136 1894 1197 2008">
     <span class='ocr_line' id='line_1_26' title="bbox 136 1894 1197 1942; baseline 0.004 -14"><span class='ocrx_word' id='word_1_213' title='bbox 136 1902 172 1934; x_wconf 87' lang='grc'>25</span> <span class='ocrx_word' id='word_1_214' title='bbox 235 1894 389 1929; x_wconf 85' lang='lat' dir='ltr'><strong>XXVI</strong></span> <span class='ocrx_word' id='word_1_215' title='bbox 521 1898 590 1930; x_wconf 72' lang='lat' dir='ltr'>Ser.</span> <span class='ocrx_word' id='word_1_216' title='bbox 611 1900 757 1930; x_wconf 75' lang='lat' dir='ltr'>Asturae</span> <span class='ocrx_word' id='word_1_217' title='bbox 771 1900 863 1931; x_wconf 70' lang='lat' dir='ltr'>xilx&#39;.</span> <span class='ocrx_word' id='word_1_218' title='bbox 882 1900 966 1941; x_wconf 72' lang='lat' dir='ltr'>Apr.</span> <span class='ocrx_word' id='word_1_219' title='bbox 988 1911 1018 1932; x_wconf 80' lang='lat' dir='ltr'>a.</span> <span class='ocrx_word' id='word_1_220' title='bbox 1040 1910 1099 1941; x_wconf 82' lang='lat'>709</span> <span class='ocrx_word' id='word_1_221' title='bbox 1117 1899 1197 1942; x_wconf 74' lang='lat'>(45).</span> 
     </span>
     <span class='ocr_line' id='line_1_27' title="bbox 599 1973 1113 2008; baseline 0.006 -5"><span class='ocrx_word' id='word_1_222' title='bbox 599 1973 769 2005; x_wconf 81' lang='lat' dir='ltr'><em>CICERO</em></span> <span class='ocrx_word' id='word_1_223' title='bbox 799 1974 981 2008; x_wconf 79' lang='lat' dir='ltr'><em>ATTICO</em></span> <span class='ocrx_word' id='word_1_224' title='bbox 1004 1973 1113 2006; x_wconf 76' lang='lat' dir='ltr'>SAL.</span> 
     </span>
    </p>
   </div>
   <div class='ocr_carea' id='block_1_6' title="bbox 192 2047 1556 2165">
    <p class='ocr_par' dir='ltr' id='par_1_11' title="bbox 192 2047 1556 2165">
     <span class='ocr_line' id='line_1_28' title="bbox 247 2047 1556 2098; baseline 0.005 -13"><span class='ocrx_word' id='word_1_225' title='bbox 247 2047 367 2094; x_wconf 84' lang='lat' dir='ltr'>Sicca,</span> <span class='ocrx_word' id='word_1_226' title='bbox 396 2056 437 2086; x_wconf 90' lang='lat' dir='ltr'>ut</span> <span class='ocrx_word' id='word_1_227' title='bbox 468 2048 611 2095; x_wconf 82' lang='lat' dir='ltr'>scribit,</span> <span class='ocrx_word' id='word_1_228' title='bbox 641 2049 758 2087; x_wconf 87' lang='lat' dir='ltr'>etiam</span> <span class='ocrx_word' id='word_1_229' title='bbox 789 2049 819 2088; x_wconf 89' lang='lat' dir='ltr'>si</span> <span class='ocrx_word' id='word_1_230' title='bbox 850 2049 946 2087; x_wconf 85' lang='lat' dir='ltr'>nihil</span> <span class='ocrx_word' id='word_1_231' title='bbox 979 2049 1193 2088; x_wconf 87' lang='lat' dir='ltr'>confecerit</span> <span class='ocrx_word' id='word_1_232' title='bbox 1224 2063 1314 2088; x_wconf 91' lang='lat' dir='ltr'>curn</span> <span class='ocrx_word' id='word_1_233' title='bbox 1342 2052 1389 2088; x_wconf 89' lang='lat' dir='ltr'>A.</span> <span class='ocrx_word' id='word_1_234' title='bbox 1413 2050 1519 2098; x_wconf 88' lang='lat' dir='ltr'>Silio,</span> <span class='ocrx_word' id='word_1_235' title='bbox 1539 2064 1556 2091; x_wconf 95' lang='lat'>1</span> 
     </span>
     <span class='ocr_line' id='line_1_29' title="bbox 192 2113 1522 2165; baseline 0.002 -15"><span class='ocrx_word' id='word_1_236' title='bbox 192 2120 325 2151; x_wconf 88' lang='lat' dir='ltr'>tamen</span> <span class='ocrx_word' id='word_1_237' title='bbox 349 2126 389 2151; x_wconf 91' lang='lat' dir='ltr'>se</span> <span class='ocrx_word' id='word_1_238' title='bbox 417 2113 550 2151; x_wconf 84' lang='lat' dir='ltr'>scribit</span> <span class='ocrx_word' id='word_1_239' title='bbox 577 2126 604 2151; x_wconf 81' lang='lat' dir='ltr'>x</span> <span class='ocrx_word' id='word_1_240' title='bbox 629 2116 715 2152; x_wconf 87' lang='lat' dir='ltr'>Kal.</span> <span class='ocrx_word' id='word_1_241' title='bbox 739 2128 823 2153; x_wconf 86' lang='lat' dir='ltr'>esse</span> <span class='ocrx_word' id='word_1_242' title='bbox 850 2122 1070 2153; x_wconf 89' lang='lat' dir='ltr'>venturum.</span> <span class='ocrx_word' id='word_1_243' title='bbox 1129 2115 1226 2152; x_wconf 87' lang='lat' dir='ltr'>Tuis</span> <span class='ocrx_word' id='word_1_244' title='bbox 1256 2115 1522 2165; x_wconf 85' lang='lat' dir='ltr'>occupationi-</span> 
     </span>
    </p>
   </div>
   <div class='ocr_carea' id='block_1_7' title="bbox 191 2216 1521 2345">
    <p class='ocr_par' dir='ltr' id='par_1_12' title="bbox 191 2216 1521 2345">
     <span class='ocr_line' id='line_1_30' title="bbox 236 2216 1520 2260; baseline 0.002 -14"><span class='ocrx_word' id='word_1_245' title='bbox 236 2226 255 2254; x_wconf 86' lang='lat'>4</span> <span class='ocrx_word' id='word_1_246' title='bbox 280 2221 400 2255; x_wconf 86' lang='lat' dir='ltr'>postea</span> <span class='ocrx_word' id='word_1_247' title='bbox 418 2219 441 2247; x_wconf 88' lang='grc' dir='ltr'>Σ</span> <span class='ocrx_word' id='word_1_248' title='bbox 459 2216 544 2247; x_wconf 75' lang='lat' dir='ltr'>Crat.</span> <span class='ocrx_word' id='word_1_249' title='bbox 563 2228 568 2246; x_wconf 90' lang='lat'>:</span> <span class='ocrx_word' id='word_1_250' title='bbox 599 2221 673 2256; x_wconf 86' lang='lat' dir='ltr'>post</span> <span class='ocrx_word' id='word_1_251' title='bbox 691 2222 719 2247; x_wconf 94' lang='grc' dir='ltr'>Δ</span> <span class='ocrx_word' id='word_1_252' title='bbox 861 2219 881 2247; x_wconf 85' lang='grc'>6</span> <span class='ocrx_word' id='word_1_253' title='bbox 907 2218 948 2247; x_wconf 77' lang='lat' dir='ltr'>Et</span> <span class='ocrx_word' id='word_1_254' title='bbox 966 2216 1060 2248; x_wconf 77' lang='lat' dir='ltr'>Man.</span> <span class='ocrx_word' id='word_1_255' title='bbox 1079 2229 1085 2248; x_wconf 77' lang='lat' dir='ltr'>z</span> <span class='ocrx_word' id='word_1_256' title='bbox 1111 2218 1143 2248; x_wconf 90' lang='lat' dir='ltr'>id</span> <span class='ocrx_word' id='word_1_257' title='bbox 1158 2217 1247 2249; x_wconf 80' lang='lat' dir='ltr'><em>codd.</em></span> <span class='ocrx_word' id='word_1_258' title='bbox 1389 2229 1424 2258; x_wconf 83' lang='lat'>17</span> <span class='ocrx_word' id='word_1_259' title='bbox 1451 2218 1520 2260; x_wconf 91' lang='lat' dir='ltr'>vel]</span> 
     </span>
     <span class='ocr_line' id='line_1_31' title="bbox 191 2259 1518 2302; baseline 0.003 -14"><span class='ocrx_word' id='word_1_260' title='bbox 191 2259 292 2288; x_wconf 88' lang='lat' dir='ltr'>velim</span> <span class='ocrx_word' id='word_1_261' title='bbox 307 2260 397 2297; x_wconf 76' lang='lat' dir='ltr'>(cum</span> <span class='ocrx_word' id='word_1_262' title='bbox 414 2261 618 2298; x_wconf 70' lang='lat' dir='ltr'>pendamus)</span> <span class='ocrx_word' id='word_1_263' title='bbox 633 2260 804 2291; x_wconf 74' lang='lat' dir='ltr'>Schmidt:</span> <span class='ocrx_word' id='word_1_264' title='bbox 829 2261 887 2292; x_wconf 73' lang='lat' dir='ltr'>del.</span> <span class='ocrx_word' id='word_1_265' title='bbox 905 2261 1032 2300; x_wconf 66' lang='lat' dir='ltr'>vaser</span> <span class='ocrx_word' id='word_1_266' title='bbox 1134 2262 1172 2291; x_wconf 84' lang='lat'>18</span> <span class='ocrx_word' id='word_1_267' title='bbox 1196 2271 1270 2292; x_wconf 87' lang='lat' dir='ltr'>cum</span> <span class='ocrx_word' id='word_1_268' title='bbox 1288 2261 1349 2292; x_wconf 87' lang='lat' dir='ltr'>M:</span> <span class='ocrx_word' id='word_1_269' title='bbox 1373 2263 1414 2292; x_wconf 85' lang='lat' dir='ltr'>ab</span> <span class='ocrx_word' id='word_1_270' title='bbox 1430 2263 1518 2302; x_wconf 77' lang='lat' dir='ltr'>vulg.</span> 
     </span>
     <span class='ocr_line' id='line_1_32' title="bbox 196 2302 1521 2345; baseline 0.003 -13"><span class='ocrx_word' id='word_1_271' title='bbox 196 2312 234 2340; x_wconf 87' lang='lat'>19</span> <span class='ocrx_word' id='word_1_272' title='bbox 256 2302 391 2333; x_wconf 80' lang='lat' dir='ltr'>aliunde</span> <span class='ocrx_word' id='word_1_273' title='bbox 407 2303 428 2333; x_wconf 94' lang='lat' dir='ltr'><em>I</em></span> <span class='ocrx_word' id='word_1_274' title='bbox 560 2315 602 2334; x_wconf 84' lang='lat'>20</span> <span class='ocrx_word' id='word_1_275' title='bbox 626 2304 689 2334; x_wconf 85' lang='lat' dir='ltr'>hos</span> <span class='ocrx_word' id='word_1_276' title='bbox 700 2308 776 2344; x_wconf 81' lang='lat' dir='ltr'>post</span> <span class='ocrx_word' id='word_1_277' title='bbox 791 2305 896 2334; x_wconf 89' lang='lat' dir='ltr'>multo</span> <span class='ocrx_word' id='word_1_278' title='bbox 915 2304 989 2334; x_wconf 76' lang='lat' dir='ltr'>add.</span> <span class='ocrx_word' id='word_1_279' title='bbox 1011 2303 1129 2336; x_wconf 80' lang='lat' dir='ltr'>Lamb.</span> <span class='ocrx_word' id='word_1_280' title='bbox 1272 2316 1309 2335; x_wconf 85' lang='lat'>21</span> <span class='ocrx_word' id='word_1_281' title='bbox 1337 2306 1521 2345; x_wconf 84' lang='lat' dir='ltr'>comparati</span> 
     </span>
    </p>
   </div>
   <div class='ocr_carea' id='block_1_8' title="bbox 193 2344 983 2387">
    <p class='ocr_par' dir='ltr' id='par_1_13' title="bbox 193 2344 983 2387">
     <span class='ocr_line' id='line_1_33' title="bbox 193 2344 983 2387; baseline 0.005 -13"><span class='ocrx_word' id='word_1_282' title='bbox 193 2344 285 2376; x_wconf 67' lang='lat' dir='ltr'>illan.</span> <span class='ocrx_word' id='word_1_283' title='bbox 305 2358 311 2376; x_wconf 89' lang='lat'>:</span> <span class='ocrx_word' id='word_1_284' title='bbox 337 2352 404 2377; x_wconf 82' lang='lat' dir='ltr'>-ata</span> <span class='ocrx_word' id='word_1_285' title='bbox 422 2347 463 2376; x_wconf 86' lang='lat' dir='ltr'><em>M</em></span> <span class='ocrx_word' id='word_1_286' title='bbox 571 2358 610 2387; x_wconf 84' lang='lat'>27</span> <span class='ocrx_word' id='word_1_287' title='bbox 637 2352 671 2377; x_wconf 88' lang='lat' dir='ltr'>ut</span> <span class='ocrx_word' id='word_1_288' title='bbox 689 2348 803 2378; x_wconf 87' lang='lat' dir='ltr'>scribit</span> <span class='ocrx_word' id='word_1_289' title='bbox 820 2348 876 2379; x_wconf 77' lang='lat' dir='ltr'>del.</span> <span class='ocrx_word' id='word_1_290' title='bbox 898 2347 983 2378; x_wconf 85' lang='lat' dir='ltr'>Boot</span> 
     </span>
    </p>
   </div>
  </div>
 </body>
</html>
