1742 2651
122 127 191 165 IX.
211 138 241 164 v
572 129 627 166 M.
660 129 827 165 TVLLI
860 128 1165 167 CICERONIS

308 251 447 288 Αὐτίκα
472 251 543 302 γάρ
571 268 628 288 τοι
659 252 783 289 ἔπειτα
813 249 894 300 μεθ’
918 250 1080 300 “Ἐκτορα
1105 251 1245 300 πότμος
1274 250 1426 301 ἕτοιμος,

202 331 314 370 matri
336 332 419 383 ipse
441 332 655 382 respondit,

365 415 504 452 Αὐτίκα
532 414 713 463 τεθναίην,
744 415 822 453 ἐπεὶ
850 417 914 454 οὔκ
944 414 998 465 ἄρ’
1028 416 1187 465 ἔμελλον
1216 415 1344 468 ἑταίρῳ

363 480 577 531 κτεινομένῳ
607 482 853 529 &affluan—

201 559 310 608 Quid
348 560 378 597 si
420 574 499 598 non
539 561 667 612 ἑταίρῳ
706 562 832 599 solum
865 562 934 600 sed
966 561 1083 599 etiam
1118 562 1298 613 εὐεργέτῃ,
1331 561 1434 598 adde
1463 559 1529 598 tali
1549 573 1566 604 5

200 623 282 662 viro
303 626 420 662 talem
451 638 609 663 causam
630 625 760 675 agenti
774 627 919 676 ?⁷—ego
940 640 1031 664 vero
1052 627 1149 664 haec
1170 625 1298 664 officia
1318 626 1529 663 mercanda

200 688 278 726 vita
303 697 410 738 puto.
471 690 740 740 Optimatibus
769 704 861 729 vero
891 691 965 728 tuis
996 691 1092 728 nihil
1122 692 1291 737 confido,
1325 690 1421 727 nihil
1451 690 1528 728 iam

154 764 181 802 4
200 767 250 791 ne
271 753 437 792 inservio
458 755 631 804 quidem.
691 755 821 793 Video
848 764 889 793 ut
916 769 957 794 se
987 756 1078 794 huic
1100 757 1205 803 dent,
1229 764 1270 793 ut
1292 755 1418 794 daturi
1439 755 1525 792 sint.

201 818 426 868 Quicquam
448 827 489 857 tu
511 819 575 857 illa
602 827 715 870 putas
736 820 854 859 fuisse
875 823 924 860 de
944 821 1169 859 valetudine
1190 822 1346 859 decreta
1367 819 1528 858 munici-

199 883 353 933 piorum
392 898 484 934 prae
522 885 582 923 his
621 886 671 923 de
705 885 865 924 victoria
898 886 1253 935 gratulationibus?
1324 885 1527 924 ‘Timent'
1549 897 1588 918 10

199 947 362 998 inquies.
422 951 474 987 At
509 949 582 1000 ipsi
614 958 697 987 tum
730 964 771 989 se
803 951 978 989 timuisse
1012 951 1158 989 dicunt.
1220 952 1298 989 Sed
1324 950 1527 989 videamus

198 1013 294 1063 quid
315 1022 447 1052 actum
468 1015 516 1052 sit
532 1015 727 1054 Brundisi.
789 1016 847 1053 Ex
863 1029 911 1054 eo
927 1017 1089 1054 fortasse
1106 1017 1168 1055 νέα
1185 1015 1347 1054 consilia
1367 1028 1527 1053 nascen-

197 1085 259 1116 tur
277 1079 456 1130 aliaeque
477 1080 636 1119 litterae.

242 1244 309 1280 VI
474 1247 543 1279 Ser.
565 1249 598 1279 in
615 1248 795 1279 Formiano
812 1259 832 1279 v
848 1248 900 1280 Id.
921 1248 1020 1280 Mart.
1042 1259 1073 1280 α.
1093 1258 1151 1288 705
1167 1248 1253 1290 (49).

607 1330 778 1362 CICERO
801 1331 982 1362 ATTICO
1004 1330 1113 1362 SAL.
1549 1343 1587 1374 15

162 1423 179 1449 1
254 1410 338 1447 Nos
358 1410 489 1447 adhuc
505 1409 716 1448 Brundisio
737 1409 844 1446 nihil.
905 1411 1035 1447 Roma
1055 1409 1207 1459 scripsit
1225 1409 1371 1447 Balbus
1391 1415 1528 1458 putare

199 1473 275 1511 iam
298 1476 512 1512 Lentulum
533 1476 738 1513 consulem
753 1473 963 1512 tramisisse
983 1488 1057 1512 nec
1078 1488 1169 1512 eum
1189 1488 1212 1512 a
1232 1474 1383 1512 minore
1400 1473 1526 1511 Balbo

198 1547 450 1585 conventum,
474 1541 583 1588 quod
612 1539 643 1577 is
674 1540 750 1577 hoc
778 1539 855 1577 iam
881 1539 1029 1578 Canusi
1056 1539 1254 1586 audisset3
1284 1539 1376 1577 inde
1404 1539 1454 1576 ad
1485 1552 1526 1576 se

198 1617 288 1641 eum
318 1603 543 1653 scripsisse3
585 1606 847 1654 cohortesque
878 1617 945 1643 sex
983 1618 1084 1654 quae
1119 1605 1245 1642 Albae
1279 1604 1441 1642 fuissent
1475 1604 1525 1641 ad

198 1669 361 1708 Curium
394 1668 455 1706 via
490 1668 668 1706 Minucia
702 1669 884 1707 transisse
900 1684 909 1717 3
951 1669 991 1707 id
1027 1670 1235 1708 Caesarem
1270 1670 1321 1707 ad
1359 1682 1400 1706 se
1439 1667 1526 1706 scri·
1546 1681 1586 1702 20

197 1734 320 1784 psisse
341 1741 378 1771 et
400 1734 506 1772 brevi
527 1742 704 1784 tempore
724 1748 815 1772 eum
836 1736 887 1772 ad
914 1735 1051 1772 urbem
1074 1736 1257 1772 futurum.
1318 1735 1421 1783 Ergo
1442 1741 1526 1770 utar

197 1807 266 1837 tuo
287 1798 452 1837 consilio
477 1812 606 1848 neque
636 1813 699 1838 me
726 1799 921 1848 Arpinum
951 1800 1027 1837 hoc
1058 1807 1234 1848 tempore
1261 1799 1418 1844 abdam,
1441 1798 1524 1845 etsi,

198 1864 379 1902 Ciceroni
402 1877 491 1902 meo
513 1872 643 1913 togam
670 1878 808 1914 puram
829 1877 951 1914 quom
978 1866 1070 1902 dare
1090 1864 1230 1914 Arpini
1250 1865 1401 1910 vellem,
1424 1864 1526 1900 hanc

197 1942 301 1966 eram
341 1929 465 1978 ipsam
505 1929 798 1967 excusationem
833 1929 1036 1967 relicturus
1067 1931 1118 1967 ad
1153 1930 1373 1967 Caesarem.
1447 1929 1525 1966 Sed

197 1995 359 2031 fortasse
383 1994 422 2031 in
452 2008 500 2032 eo
530 1994 616 2043 ipso
645 1995 877 2041 offendetur,
900 2008 968 2032 cur
988 2008 1068 2032 non
1091 1996 1244 2031 Romae
1264 1993 1405 2043 potius.
1464 1995 1524 2030 Ac
1544 2005 1582 2036 25

197 2067 328 2096 tamen
359 2058 389 2096 si
420 2067 477 2096 est
507 2059 814 2105 conveniendus,
838 2059 902 2097 hic
932 2059 1191 2109 potissimum.
1251 2059 1356 2095 Tum
1378 2057 1524 2107 reliqua

196 2123 428 2169 videbimus,
454 2123 493 2162 id
514 2132 572 2161 est
593 2132 630 2161 et
651 2138 731 2173 quo
752 2131 789 2162 et
810 2137 888 2173 qua
908 2132 945 2162 et
967 2125 1138 2173 quando.

239 2229 260 2257 6
283 2228 390 2258 officia
408 2229 588 2258 mercanda
608 2228 635 2258 C
650 2228 707 2267 (cs.
730 2227 816 2258 Verr.
838 2238 868 2258 v.
890 2238 931 2266 23
947 2227 1015 2258 vita
1035 2228 1190 2267 redimi):
1217 2228 1357 2258 officiam
1377 2227 1441 2267 (vel
1456 2227 1524 2257 affi-

196 2272 281 2301 ciam
299 2272 349 2301 vel
365 2272 521 2309 efficiam)
541 2273 571 2301 ei
590 2273 734 2301 candida
757 2271 846 2302 codd.
862 2283 868 2303 ε
895 2272 1115 2310 rependenda
1134 2271 1199 2305 <vel
1220 2271 1408 2310 pensanda)
1427 2270 1523 2300 Mad-

195 2316 251 2354 wg
342 2325 378 2344 12
404 2314 459 2344 νέα
475 2315 615 2353 Tyrrell:
642 2326 682 2345 ea
694 2315 745 2344 M1
765 2327 771 2345 :
796 2326 870 2345 mea
880 2314 955 2344 M2:
980 2315 1045 2344 alia
1056 2313 1200 2345 Lama:
1224 2325 1300 2344 sera
1312 2313 1398 2344 Reid
1486 2315 1525 2343 16

195 2359 305 2397 putari
333 2357 433 2387 Orelli
554 2370 596 2388 20
621 2359 673 2388 via
691 2359 721 2388 Z
741 2357 953 2399 lVesenberg:
980 2369 1044 2389 om.
1065 2357 1142 2387 Ml:
1168 2359 1202 2388 in
1222 2359 1275 2388 via
1292 2356 1348 2386 M2
1480 2366 1522 2395 25

194 2403 243 2432 Ac
263 2407 373 2431 tamen
392 2402 468 2431 coni.
492 2401 700 2441 U'esenberg:
724 2408 894 2432 sectamen
913 2401 964 2430 M¹
984 2414 990 2431 :
1015 2403 1074 2432 sed
1093 2407 1203 2432 tamen
1221 2401 1308 2441 vulg.
