1742 2651
119 831 155 852 10

117 1549 156 1570 20

584 122 694 158 EPP.
726 122 804 159 Al)
836 123 1094 161 ATTICVM
1370 124 1463 160 XII.
1496 123 1651 160 xxxvii

176 231 446 282 propinquitas
462 240 655 282 praeterea
677 232 742 270 ubi
761 232 822 279 sis,
839 247 888 270 ne
905 240 1029 270 totum
1048 233 1151 271 diem
1170 234 1208 271 in
1226 234 1368 273 villam.
1413 237 1504 283 Qua

175 312 214 335 re
243 306 333 335 ante
363 311 482 347 quam
513 297 694 343 discedis,
723 299 938 337 Othonem,
959 297 990 335 si
1022 300 1175 336 Romae
1200 307 1268 345 est,
1292 300 1504 338 convenias

174 362 371 413 pervelim.
431 361 470 400 Si
498 362 593 399 nihil
627 362 709 408 erit,
740 362 812 400 etsi
842 370 881 399 tu
914 376 1041 400 meam
1070 363 1273 400 stultitiam
1305 365 1504 403 consuesti

174 429 281 474 ferre,
318 441 365 465 eo
396 435 527 465 tamen
563 427 786 476 progrediar
815 427 869 464 uti
900 428 1155 466 stomachere.
1217 430 1367 466 Drusus
1398 429 1502 467 enim

174 500 278 531 certe
298 493 467 530 vendere
488 494 579 529 vult.
640 492 679 530 Si
709 505 801 541 ergo
827 491 933 529 aliud
961 506 1041 530 non
1069 492 1152 533 erit,
1174 507 1261 531 mea
1289 493 1358 531 erit
1388 496 1504 544 culpa

174 557 248 595 nisi
278 571 421 595 emero.
482 558 572 605 Qua
596 557 635 594 in
665 570 704 595 re
736 571 785 594 ne
812 558 928 603 labar,
956 571 1115 606 quaeso,
1143 558 1314 607 provide.
1376 559 1504 597 Provi-

173 624 294 662 dendi
323 632 454 662 autern
476 638 554 662 una
575 624 671 662 ratio
692 632 749 662 est
774 624 803 662 si
832 624 927 674 quid
949 626 998 662 de
1020 626 1250 675 Scapulanis
1280 639 1500 675 possumus.

175 691 225 727 Et
254 689 369 727 velim
401 703 463 728 me
493 689 697 728 certiorem
727 689 845 727 facias
873 703 991 739 quam
1023 690 1089 728 diu
1122 690 1161 728 in
1192 691 1420 729 suburbano
1452 690 1503 729 sis

174 755 333 792 futurus.

228 820 347 868 Apud
367 819 593 857 Terentiam
615 825 693 856 tam
713 818 834 869 gratia
861 832 959 867 opus
990 828 1047 857 est
1078 820 1193 858 nobis
1215 829 1278 858 tua
1300 834 1418 870 quam
1439 834 1502 858 au-
1522 831 1546 868 3

173 883 360 921 ctoritate.
421 885 498 921 Sed
521 884 637 921 facies
658 892 699 921 ut
720 883 925 921 videbitur.
985 884 1075 922 Scio
1107 885 1212 922 enim
1239 885 1268 922 si
1294 885 1390 935 quid
1416 899 1504 923 mea

173 948 321 986 intersit
344 949 411 986 tibi
435 949 567 987 maiori
590 963 704 987 curae
725 950 848 987 solere
870 964 954 988 esse
975 964 1092 999 quam
1117 950 1222 988 mihi.

216 1055 439 1090 XXXVII
454 1068 478 1090 a
522 1059 591 1090 δυ’,
609 1083 620 1089 Δ
632 1060 756 1089 lslm‘ae
770 1060 807 1089 iii
820 1059 907 1090 Non.
927 1059 1009 1090 ιἸῙαί,
1027 1072 1056 1090 a.
1078 1070 1135 1099 709
1157 1060 1236 1100 945).

580 1136 749 1167 CICERO
782 1137 962 1167 ATTICO
994 1136 1100 1168 SAL.

233 1209 386 1247 Hirtius
407 1210 457 1247 ad
480 1222 542 1247 me
567 1208 719 1259 scripsit
744 1211 829 1248 Sex.
854 1209 1089 1259 Pompeium
1111 1210 1301 1249 Corduba
1321 1213 1445 1248 exisse
1465 1217 1503 1248 et
1526 1213 1574 1254 (4)

175 1273 318 1324 fugisse
354 1273 394 1311 in
436 1273 671 1323 Hispaniam
706 1273 937 1322 citeriorem,
974 1276 1156 1312 Gnaeum
1191 1275 1335 1325 fugisse
1370 1274 1504 1312 nescio

173 1353 253 1389 quo
268 1354 277 1386 J
318 1352 448 1389 neque
482 1338 588 1376 enim
622 1352 726 1377 curo.
789 1338 899 1376 Nihil
938 1347 1136 1389 praeterea
1175 1340 1278 1377 novi.
1339 1340 1504 1378 Litteras

175 1405 362 1443 Narbone
392 1404 502 1443 dedit
532 1416 626 1441 X1111
650 1406 737 1442 Kal.
763 1404 900 1442 Maias.
960 1406 1022 1442 Tu
1053 1404 1149 1442 mihi
1174 1406 1225 1443 de
1250 1405 1392 1444 Canini
1414 1419 1505 1443 nau-

174 1469 294 1519 fragio
322 1469 433 1519 quasi
460 1468 582 1507 dubia
607 1468 753 1507 misisti.
814 1469 968 1507 Scribes
999 1469 1113 1519 igitur
1142 1469 1172 1507 si
1203 1470 1299 1519 quid
1328 1470 1398 1508 erit
1428 1484 1506 1508 cer-

176 1535 261 1573 tius.
304 1536 425 1583 Quod
447 1548 510 1572 me
529 1548 552 1571 a
573 1533 765 1572 maestitia
784 1548 939 1581 avocas,
961 1536 1128 1572 multum
1150 1535 1286 1573 levaris
1314 1535 1344 1573 si
1374 1537 1505 1574 locum

176 1602 267 1638 fano
288 1599 454 1638 dederis.
512 1601 640 1637 Multa
661 1599 756 1636 mihi
778 1602 826 1639 εἰς
847 1600 1055 1638 ἀποθέωσιν
1075 1600 1114 1637 in
1136 1608 1309 1638 mentem
1331 1600 1503 1648 veniunt,

175 1666 245 1704 sed
267 1667 356 1703 loco
376 1666 490 1704 valde
512 1679 610 1715 opus
632 1673 700 1703 est.
761 1666 852 1714 Qua
872 1680 911 1704 re
932 1665 1049 1704 etiam
1072 1666 1274 1704 Othonem
1296 1665 1395 1704 vide.

218 1776 465 1811 XXXVIII
489 1778 558 1810 Scr.
577 1779 723 1809 Asturae
734 1778 820 1820 pm'd.
840 1779 926 1809 Non.
944 1778 1025 1808 Mai.
1046 1789 1076 1809 (ι.
1099 1788 1156 1818 709
1178 1779 1255 1817 (45).

578 1855 748 1886 CICERO
778 1855 810 1885 A
823 1855 961 1886 TTICO
991 1854 1098 1885 SAL.

230 1929 322 1966 Non
353 1927 493 1966 dubito
518 1926 612 1977 quin
643 1927 969 1977 occupatissimus
997 1926 1113 1964 fueris
1138 1926 1205 1976 qui
1235 1927 1285 1965 ad
1316 1940 1378 1964 me
1408 1926 1505 1964 nihil

176 1993 417 2039 litterarum;
465 1993 534 2030 sed
583 1993 703 2030 homo
751 2006 923 2041 nequam
972 1991 1039 2041 qui
1087 1999 1198 2029 tuum
1247 1993 1505 2030 commodum

222 2107 235 2126 1
263 2097 317 2127 ubi
335 2097 381 2127 sis
397 2095 484 2127 codd.
506 2095 607 2126 Reid:
633 2096 725 2125 urbis
741 2095 792 2126 Fr.
807 2095 974 2126 Schmidt:
1002 2095 1091 2125 utilis
1108 2095 1186 2125 com'.
1207 2094 1290 2125 Boot
1378 2096 1410 2125 in
1429 2095 1507 2126 villa

177 2141 272 2172 Illam.
291 2152 297 2170 τ
315 2142 356 2171 ad
368 2140 477 2170 villam
490 2140 567 2170 coni.
584 2139 707 2169 Mieller
792 2151 811 2178 4
830 2140 878 2169 uti
890 2139 1103 2169 stomachere
1114 2149 1142 2168 v.
1158 2149 1181 2168 c.
1194 2137 1222 2167 L
1236 2139 1374 2180 (marg.)
1388 2133 1452 2168 Zb:
1471 2144 1507 2170 ut

177 2184 211 2214 in
227 2185 450 2214 istomachere
463 2182 519 2213 M:
546 2188 580 2213 ut
592 2183 634 2212 mi
649 2183 860 2213 stomachere
871 2182 941 2213 edd.
958 2192 1023 2212 non
1041 2182 1126 2212 nulli
1211 2192 1230 2221 5
1256 2193 1325 2212 non
1343 2183 1416 2221 erit,
1431 2193 1506 2212 mea

179 2227 351 2258 Graevius:
369 2227 442 2265 erit,
459 2237 526 2256 non
539 2237 613 2256 mea
624 2225 848 2256 MLelzmann
919 2236 957 2256 10
973 2231 1039 2256 tam
1051 2226 1150 2256 Boot:
1168 2231 1225 2256 tua
1235 2225 1310 2257 add.
1325 2226 1352 2255 L
1366 2228 1506 2267 (marg.)

177 2276 234 2300 tua
251 2271 365 2310 quaml
385 2276 508 2309 tuaque
526 2269 643 2300 Lamb.
664 2281 670 2300 ε
694 2275 752 2300 tua
768 2275 892 2309 tuaque
910 2264 953 2300 Zb
1133 2279 1170 2308 13
1195 2273 1367 2310 epistulam
1385 2280 1506 2299 novam

177 2314 287 2355 incipit
300 2314 450 2345 Schmidt
551 2324 591 2352 19
615 2313 751 2344 Scribes
772 2313 891 2343 Orelli:
921 2313 1048 2343 scribas
1072 2312 1159 2344 codd.
1252 2324 1294 2343 20
1319 2314 1440 2343 levaris
1458 2312 1485 2343 C
1501 2323 1508 2342 :

177 2369 242 2388 om.
260 2358 303 2388 M
431 2367 471 2387 22
496 2362 597 2396 atque
615 2357 716 2387 etiam
726 2360 803 2398 post
818 2357 918 2387 etiarn
936 2355 1012 2386 add.
1033 2355 1122 2386 Koclz

221 2411 284 2432 C1c.
302 2411 349 2431 AD
366 2410 439 2432 ΑΠ.
1376 2400 1418 2430 28
