1649 2532
706 436 870 476 SIGLA

289 572 366 606 C=
382 582 511 616 margo
528 571 700 606 editionis
720 573 988 608 Cratandrinae
1008 573 1193 618 (Basileae
1216 575 1319 619 1528)

215 630 311 665 Crat.
330 648 365 660 =
381 631 557 665 lectiones
576 631 612 665 in
631 637 729 665 textu
747 631 919 665 editionis
941 632 1206 666 Cratandrinae

277 689 314 722 Z
329 704 363 716 =
380 689 495 723 codex
513 689 762 723 Tornesianus
781 690 853 724 iarn
873 690 1085 734 deperditus
1104 690 1191 734 (vid.
1215 690 1346 735 Praef.)

121 743 178 790 2²,
193 744 254 789 Zb‚
268 746 314 780 Z²
330 762 364 774 =
383 747 498 781 codex
536 746 786 781 Tornesianus
828 748 1031 782 secundum
1076 748 1243 783 Lambini
1287 756 1322 783 et
1363 749 1448 783 Eosi

417 811 452 838 et
471 803 631 838 Turnebi
651 804 862 838 testimonia

189 861 314 896 Lamb.
331 876 365 889 =
381 862 557 896 lectiones
573 862 608 895 in
622 868 720 896 textu
734 862 905 897 editionis
922 863 1188 899 Lambinianae
1202 865 1259 899 vel
1276 864 1447 898 Lambini

417 920 648 954 coniecturae

119 980 152 1014 L
166 978 315 1025 (marg.)
331 978 554 1012 :lectiones
574 978 743 1012 Lambini
764 978 800 1012 in
819 989 934 1022 marg.
955 980 1128 1015 editionis
1146 979 1358 1025 posterioris

237 1049 272 1072 v.
285 1049 311 1071 c.
328 1052 364 1064 =
380 1036 557 1070 lectiones
574 1035 706 1070 veteris
725 1035 862 1071 codicis
888 1037 1058 1080 (fortasse
1078 1039 1118 1082 Z)
1144 1038 1178 1072 in
1204 1038 1368 1082 margine
1389 1037 1446 1072 ed.

417 1093 682 1128 Lambinianae
702 1095 914 1138 posterioris

267 1153 364 1187 W=
379 1152 586 1196 fragmenta
610 1151 746 1186 codicis
766 1153 1110 1198 XVurcebmgensss,
1134 1155 1243 1189 saecl.
1263 1161 1300 1190 ut
1321 1155 1392 1189 vid.
1411 1155 1445 1188 xi

414 1210 577 1245 exeuntis
596 1211 651 1245 vel
669 1211 716 1245 xii
737 1210 896 1246 ineuntis

265 1342 362 1376 M=
380 1342 496 1377 codex
516 1341 708 1377 Mediceus
727 1352 783 1386 49.
806 1343 858 1385 18,
879 1345 963 1377 anni
986 1344 1076 1387 1389

297 1413 314 1434 s
330 1417 363 1428 =
380 1402 493 1435 codex
511 1401 670 1436 Vrbinas
691 1401 726 1435 in
746 1401 830 1436 bibl.
850 1401 1032 1436 Vaticana
1053 1411 1132 1446 322,
1151 1402 1259 1437 saecl.
1279 1414 1335 1437 xv,

284 1465 311 1492 Δ
328 1476 361 1487 =
379 1470 579 1493 consensus
599 1458 768 1494 codicum
791 1461 828 1493 M
850 1466 883 1494 et
902 1472 920 1494 s

274 1593 311 1626 E
326 1608 360 1619 =
377 1598 547 1636 excerpta
566 1591 816 1626 Ambrosiana
837 1592 866 1625 E
891 1600 944 1633 14,
964 1590 1072 1625 saecl.
1092 1598 1129 1625 ut
1148 1591 1221 1625 vid.
1238 1591 1307 1626 xiv.

271 1651 361 1683 N=
380 1650 494 1684 codex
526 1649 795 1684 Laurentianus
826 1661 869 1683 ex
899 1648 1049 1683 abbatia
1079 1649 1292 1684 Florentina
1320 1661 1355 1684 n.
1391 1659 1444 1693 14,

413 1708 518 1742 saecl.
539 1709 598 1742 xiv
617 1708 781 1742 exeuntis
803 1708 858 1742 vel
876 1719 922 1741 xv
943 1707 1101 1741 ineuntis

267 1767 360 1800 H=
377 1767 493 1800 codex
529 1766 742 1800 Landianus
779 1765 813 1800 in
853 1764 939 1799 bibl.
971 1764 1184 1799 Placentina
1215 1765 1246 1807 8,
1278 1764 1444 1800 eiusdem

410 1824 541 1859 aetatis

282 1897 307 1917 π
323 1899 357 1911 =
375 1883 490 1916 codex
514 1882 700 1916 Parisinus
726 1881 763 1915 in
789 1882 874 1916 bibl.
896 1880 1072 1914 nationali
1099 1881 1234 1923 (Nouv.
1254 1881 1379 1916 Fonds
1402 1882 1443 1916 16

412 1942 508 1983 248),
527 1941 601 1975 fere
620 1940 784 1975 eiusdem
804 1940 933 1974 aetatis

278 1999 309 2033 O
324 2014 358 2026 =
376 2000 490 2033 codex
526 1998 764 2032 Taurinensis
797 1998 819 2033 i.
851 2007 878 2041 5.
912 2008 956 2041 34
989 1997 1024 2030 in
1055 1996 1140 2030 bibl.
1172 1996 1442 2041 Vniversitatis‚

411 2056 519 2091 saecl.
538 2069 583 2090 xv

274 2116 490 2149 P=codex
523 2114 710 2149 Parisinus
741 2114 778 2148 in
807 2114 895 2148 bibl.
923 2113 1097 2147 nationali
1130 2113 1231 2156 8336,
1259 2114 1369 2148 saecl.
1398 2126 1444 2148 xv

410 2172 569 2207 ineuntis

273 2232 308 2265 R
324 2246 358 2258 =
375 2231 489 2265 codex
508 2231 695 2265 Parisinus
715 2230 752 2265 in
770 2230 854 2265 bibl.
877 2229 1051 2264 nationali
1073 2230 1177 2273 8338,
1199 2229 1285 2263 anni
1308 2239 1397 2274 1419

282 2294 305 2322 Σ
325 2305 359 2317 =
376 2301 578 2325 consensus
597 2289 765 2324 codicum
786 2290 972 2323 ENHOP
992 2295 1054 2323 aut
1074 2289 1180 2323 EOR
1199 2295 1261 2323 aut
1282 2288 1384 2323 ORP
