1742 2651
104 847 141 869 10

97 1609 136 1630 20

571 138 683 174 EPP.
715 138 793 174 AD
823 137 1083 175 ATTICVM
1446 138 1516 174 XI.
1551 137 1597 174 vi

164 261 256 285 vero
287 249 477 286 Lentulus
510 248 698 287 Hortensi
729 250 893 287 domum
921 248 995 286 sibi
1023 256 1060 286 et
1089 248 1266 287 Caesaris
1297 249 1430 287 hortos
1455 256 1493 286 et

166 312 280 350 Baias
315 315 589 363 desponderat.
650 314 826 352 Omnino
860 315 957 351 haec
992 314 1133 351 eodem
1175 314 1296 351 modo
1335 327 1381 350 ex
1420 314 1493 350 hac

165 386 272 426 parte
303 379 412 424 fiunt,
447 379 519 416 nisi
550 380 658 428 quod
690 379 787 417 illud
821 386 901 417 erat
935 378 1144 416 infinitum.
1204 379 1355 416 Omnes
1388 378 1492 416 enim

164 443 230 491 qui
261 443 300 480 in
330 444 442 482 Italia
473 452 696 482 manserant
717 444 889 482 hostium
911 457 1076 481 numero
1097 443 1354 481 habebantur.
1415 445 1492 481 Sed

163 507 277 544 velim
301 509 397 546 haec
418 508 632 559 aliquando
654 509 839 547 solutiore
859 508 1003 547 animo.

216 573 410 620 Quintum
444 575 598 612 fratrem
633 574 752 612 audio
784 575 1002 623 profectum
1038 573 1077 611 in
1112 573 1247 612 Asiam
1283 582 1324 611 ut
1358 575 1492 623 depre-
1512 584 1534 622 7

161 645 322 675 caretur.
385 640 446 676 De
486 638 566 676 filio
600 638 696 676 nihil
730 638 890 683 audivi3
937 639 1007 676 sed
1039 652 1183 688 quaere
1215 652 1261 676 ex
1295 638 1492 676 Diochare

163 702 339 740 Caesaris
370 702 510 740 liberto
540 717 657 752 quem
688 716 761 752 ego
796 716 876 740 non
906 703 996 749 vidi,
1026 703 1093 752 qui
1123 703 1215 741 istas
1244 704 1493 741 Alexandrea

161 767 306 804 litteras
335 768 474 805 attulit.
535 769 574 806 Is
595 768 738 806 dicitur
756 768 900 806 vidisse
923 768 1118 816 Quintum
1146 775 1305 806 euntem
1333 782 1383 806 an
1414 768 1491 806 iam

162 832 201 869 in
231 832 335 870 Asia.
395 835 502 871 Tuas
532 833 676 871 litteras
704 841 819 882 prout
844 847 903 871 res
924 835 1096 883 postulat
1125 841 1320 883 exspecto.
1382 835 1492 882 Quas

161 896 277 935 velim
311 910 422 935 cures
457 911 575 948 quam
616 898 785 949 primum
824 900 875 937 ad
915 912 977 937 me
1017 900 1277 948 perferendas.
1339 911 1399 936 1111
1439 901 1489 937 K.

163 963 371 1001 Decembr.

199 1104 291 1140 VII
456 1108 523 1140 Scr.
545 1108 710 1139 Brundisi
722 1109 777 1139 xiv
793 1108 869 1139 Kal.
890 1108 962 1140 Ian.
983 1119 1014 1140 a.
1038 1110 1097 1148 706
1116 1109 1203 1150 (48).

578 1192 752 1223 CICERO
777 1191 947 1223 ATTICO
975 1192 1072 1223 SAL.

213 1265 357 1303 Gratae
387 1272 477 1303 tuae
508 1264 603 1302 mihi
635 1264 784 1302 litterae
812 1272 912 1310 sunt,
946 1264 1089 1314 quibus
1119 1272 1300 1303 accurate
1330 1264 1488 1314 perscri-

157 1329 267 1380 psisti
288 1329 423 1368 onmia
444 1343 545 1378 quae
569 1331 619 1367 ad
642 1343 704 1367 me
726 1329 919 1379 pertinere
939 1329 1147 1367 arbitratus
1168 1343 1219 1368 es.
1267 1331 1318 1367 Et
1339 1331 1484 1367 factum

157 1395 271 1445 igitur
297 1403 338 1433 tu
366 1394 502 1433 scribis
523 1394 604 1432 istis
626 1396 779 1444 placere
805 1401 842 1432 et
858 1397 1009 1444 placere
1035 1394 1160 1432 isdem
1181 1394 1264 1432 istis
1285 1394 1486 1432 lictoribus

157 1474 220 1498 me
241 1460 307 1508 uti,
330 1461 440 1510 quod
460 1473 693 1498 concessum
725 1459 852 1497 Sestio
879 1459 926 1497 sit
944 1475 951 1505 ;
981 1460 1043 1497 cui
1071 1473 1151 1497 non
1172 1467 1269 1509 puto
1290 1473 1381 1498 suos
1402 1473 1487 1497 esse

156 1539 366 1564 concessos
388 1527 457 1564 sed
479 1526 529 1563 ab
551 1525 636 1574 ipso
658 1526 782 1563 datos.
855 1524 989 1563 Audio
1010 1525 1114 1563 enim
1143 1538 1234 1563 eum
1256 1538 1301 1563 ea
1328 1533 1486 1563 senatus

156 1592 336 1629 consulta
368 1591 589 1641 improbare
621 1603 722 1639 quae
747 1597 835 1639 post
863 1590 1080 1628 discessum
1109 1590 1356 1628 tribunorum
1386 1592 1487 1628 facta

155 1664 256 1694 sunt.
318 1658 408 1705 Qua
429 1670 468 1695 re
490 1656 640 1706 poterit,
665 1656 696 1693 si
724 1657 828 1694 volet
848 1655 922 1693 sibi
943 1663 1133 1702 constare,
1157 1662 1310 1693 nostros
1332 1655 1486 1693 lictores

154 1722 424 1771 comprobare.

209 1788 463 1837 Quamquam
494 1787 591 1836 quid
622 1801 694 1837 ego
726 1788 776 1825 de
806 1784 1007 1823 lictoribus
1037 1784 1103 1834 qui
1134 1798 1259 1834 paene
1293 1799 1339 1823 ex
1371 1785 1483 1823 Italia
1502 1795 1526 1822 2

154 1852 348 1890 decedere
377 1853 450 1890 sim
482 1852 638 1890 iussus?
695 1853 799 1889 Nam
828 1852 879 1889 ad
910 1864 973 1888 me
1004 1849 1107 1887 misit
1129 1850 1326 1887 Antonius
1358 1864 1485 1888 exem-

155 1918 263 1966 plum
294 1917 472 1957 Caesaris
505 1919 555 1955 ad
588 1931 628 1955 se
659 1917 871 1955 litterarum
904 1916 943 1953 in
974 1915 1118 1965 quibus
1148 1923 1228 1953 erat
1258 1929 1299 1953 se
1327 1916 1484 1954 audisse

155 1984 349 2022 Catonem
388 1991 426 2022 et
467 1985 507 2021 L.
544 1984 750 2021 Metellum
789 1983 829 2020 in
869 1981 1023 2020 Italiam
1057 1980 1210 2019 venisse
1250 1982 1403 2019 Romae
1442 1989 1484 2019 ut

198 2099 217 2125 4
242 2087 391 2118 hostium
410 2088 443 2117 in
462 2097 600 2117 numero
618 2087 738 2126 Baiter,
754 2085 812 2116 sed
824 2086 860 2126 cf
878 2086 974 2116 Fam.
990 2096 1022 2115 x.
1038 2095 1089 2124 31.
1101 2086 1122 2115 6
1225 2085 1245 2114 8
1268 2083 1483 2115 Alexandrea

153 2130 254 2160 Boot:
289 2132 403 2161 -dreas
434 2130 589 2161 ORPM:
626 2130 755 2160 -drinas
778 2141 795 2159 s
913 2140 934 2167 9
957 2128 1137 2169 Quintum]
1163 2128 1204 2167 Q.
1224 2139 1252 2159 v.
1268 2139 1291 2158 c.
1311 2122 1355 2156 Zb
1372 2128 1481 2159 ζητῇς

153 2185 218 2205 om.
231 2174 321 2204 codd.
376 2186 417 2204 an
433 2174 534 2209 codd,
550 2175 586 2212 qs.
600 2173 740 2214 Madvig
753 2173 801 2203 ad
812 2173 884 2203 [Τίνι.
901 2174 934 2204 ii.
951 2183 1028 2211 104:
1053 2183 1119 2204 om.
1134 2173 1220 2212 vulg.
1316 2173 1363 2206 16,
1383 2181 1418 2210 17
1433 2181 1480 2202 es.

154 2217 196 2248 Et
220 2217 343 2249 sactum
371 2219 423 2257 (cf.
446 2219 477 2248 6.
501 2218 538 2255 gl
565 2217 666 2256 igitur
689 2222 723 2247 tu
748 2217 870 2247 scribis
895 2216 966 2247 istis
993 2217 1126 2255 placere
1151 2221 1185 2246 et
1212 2215 1347 2255 placere
1375 2215 1480 2245 isdem

153 2262 225 2292 istis
241 2261 433 2301 Sternkopf:
462 2266 512 2291 cst
529 2271 569 2290 ea
587 2261 708 2290 sactum
726 2261 827 2299 igitur
845 2265 879 2289 ut
897 2259 1015 2290 scribis
1040 2260 1112 2289 istis
1128 2260 1263 2298 placere
1284 2259 1390 2289 isdem
1410 2258 1482 2288 istis

152 2304 256 2335 codd.:
281 2316 328 2335 es.
377 2304 536 2335 Facetum
559 2308 611 2334 est
634 2304 735 2342 igitur
757 2309 792 2333 ut
809 2304 927 2333 scribis
950 2303 1022 2332 istis
1044 2303 1181 2341 placere
1203 2303 1280 2333 coni.
1301 2302 1405 2332 Boot:
1433 2311 1482 2331 es.

156 2348 291 2378 Factum
316 2348 422 2386 igitur
445 2352 595 2377 nostrum
622 2348 674 2378 (sc.
697 2346 837 2377 reditum
861 2347 894 2376 in
918 2346 1070 2384 Italiam)
1097 2347 1215 2376 scribis
1240 2347 1312 2376 istis
1337 2345 1482 2385 placere,

154 2392 271 2422 iisdem
289 2392 361 2422 istis
379 2392 435 2431 (sc.
452 2391 592 2432 placere)
607 2389 776 2421 Schmidt:
797 2396 858 2430 pto
874 2390 997 2420 factum
1016 2391 1093 2420 coni.
1114 2389 1215 2420 sctum
1235 2389 1320 2419 Reid
