1742 2651
88 134 157 173 IX.
181 145 210 171 x
571 139 626 176 M.
659 139 828 177 TVLLI
860 139 1168 179 CICERONIS

191 246 242 283 ad
263 247 595 286 consultationem
622 256 739 287 tuam.
800 249 840 287 Si
869 251 1028 289 Gnaeus
1061 251 1174 289 Italia
1194 251 1310 298 cedit,
1333 251 1373 289 in
1394 252 1533 291 urbem

192 312 438 349 redeundum
470 320 590 362 puto,
631 327 732 362 quae
766 314 871 352 enim
908 315 994 353 finis
1030 316 1398 366 peregrinationis?'
1440 319 1533 356 Hoc

193 375 288 412 mihi
327 378 442 426 plane
485 377 620 424 haesit,
661 386 700 416 et
738 392 843 417 nunc
892 379 945 417 ita
989 379 1105 418 video
1146 380 1341 419 infinitum
1385 382 1531 420 bellum

192 439 370 479 iunctum
392 441 606 481 miserrima
627 444 717 493 fuga
746 457 865 494 quam
887 451 927 482 tu
949 445 1302 495 peregrinationem
1319 448 1529 498 ὑποκορίζῃ.

148 506 376 556 5Sequitur
421 509 593 558 χρησμὸς
640 521 680 546 Vl
720 510 775 547 K.
815 509 1056 557 Februarias,
1101 512 1210 560 ‘Ego
1249 511 1280 549 si
1320 512 1569 562 Pompeius5

192 579 324 609 manet
354 571 392 609 in
424 572 537 610 Italia
560 586 633 611 nec
658 587 717 612 res
737 575 788 612 ad
809 574 1033 624 pactionem
1063 575 1178 623 venit,
1203 576 1356 626 longius
1385 577 1531 614 bellum

191 644 287 686 puto
308 637 412 685 fore3
443 637 502 675 sin
525 638 680 676 Italiam
708 639 904 689 relinquit,
925 641 975 678 ad
1000 648 1200 690 posterum
1228 642 1376 679 bellurn
1398 643 1532 681 ἄσπον-

191 702 253 740 δον
272 701 367 739 strui
387 702 591 742 existimo.'
632 703 764 742 Huius
787 704 901 754 igitur
922 704 1013 743 belli
1035 719 1106 755 ego
1127 706 1321 756 particeps
1343 714 1381 745 et
1401 707 1530 746 socius

191 774 230 805 et
249 767 404 805 adiutor
428 782 512 806 esse
542 782 661 818 cogor
681 770 790 819 quod
817 777 856 808 et
883 771 1069 809 ἄσπονδον
1095 779 1152 809 est
1179 777 1215 808 et
1239 785 1329 809 cum
1351 771 1532 812 civibus?

194 832 350 871 Deinde
372 845 427 870 V11
460 834 556 872 Idus
587 834 712 881 Febr.,
736 848 827 873 cum
858 834 935 873 iam
964 837 1075 885 plura
1103 835 1257 875 audires
1287 838 1338 875 de
1365 837 1530 888 Pompei
1551 852 1591 875 10

191 897 367 945 consilio,
402 898 606 937 concludis
641 899 849 949 epistulam
889 902 1090 950 quandam
1125 902 1201 939 hoc
1254 903 1385 949 modo,
1421 904 1530 953 ‘Ego

191 963 352 1013 quidem
383 964 453 1001 tibi
483 978 563 1003 non
588 964 661 1002 sim
688 973 835 1012 auctor,
858 965 889 1004 si
919 966 1132 1017 Pompeius
1159 966 1313 1005 Italiam
1334 967 1528 1018 relinquit,

191 1036 228 1066 te
249 1041 408 1078 quoque
429 1031 646 1079 profugere.
705 1032 870 1068 Summo
898 1031 1003 1069 enim
1030 1031 1204 1082 periculo
1232 1032 1349 1070 facies
1377 1046 1449 1071 nec
1477 1033 1530 1071 rei

191 1093 372 1143 publicae
400 1094 601 1143 proderis,
631 1094 725 1144 quoi
752 1095 913 1145 quidem
942 1096 1134 1146 posterius
1161 1096 1306 1146 poteris
1330 1099 1530 1147 prodesse,

192 1158 223 1196 si
259 1159 470 1197 manseris.⁷
527 1160 658 1208 Quem
691 1161 917 1211 φιλόπατριν
944 1175 990 1199 ac
1023 1163 1216 1200 πολιτικὸν
1244 1162 1415 1201 hominis
1445 1177 1531 1213 pru-
1553 1177 1588 1208 15

195 1223 323 1261 dentis
362 1231 400 1261 et
437 1223 553 1262 amici
593 1224 658 1262 tali
701 1225 910 1264 admonitu
948 1239 1028 1264 non
1075 1235 1249 1265 moveret
1292 1227 1531 1265 auctoritas?

146 1292 174 1329 6
200 1288 396 1338 Deinceps
427 1301 471 1326 111
504 1291 600 1328 Idus
632 1291 744 1329 Febr.
766 1291 905 1329 iterum
938 1291 1033 1329 mihi
1063 1293 1276 1342 respondes
1311 1292 1531 1331 consulenti

193 1353 261 1397 sic,
305 1355 447 1403 ‘Quod
482 1355 635 1404 quaeris
666 1369 687 1393 a
723 1370 786 1395 me
820 1358 1004 1406 fugamne
1044 1358 1255 1396 defendam
1293 1371 1344 1395 an
1378 1371 1527 1396 moram

190 1418 383 1457 utiliorem
411 1427 557 1468 putem,
581 1433 653 1469 ego
674 1434 765 1458 vero
793 1421 831 1458 in
857 1421 1076 1471 praesentia
1105 1422 1280 1460 subitum
1309 1421 1527 1461 discessum

189 1491 226 1522 et
258 1484 510 1534 praecipitem
542 1485 827 1534 profectionem
862 1500 952 1524 cum
986 1486 1055 1525 tibi
1086 1494 1169 1525 tum
1199 1487 1272 1537 ipsi
1304 1488 1442 1526 Gnaeo
1473 1488 1527 1525 in-
1549 1503 1586 1523 20

188 1549 323 1587 utilem
363 1557 400 1587 et
439 1550 697 1600 periculosam
738 1559 834 1601 puto
873 1559 911 1589 et
952 1552 1072 1590 satius
1111 1566 1196 1590 esse
1241 1552 1420 1590 existimo
1458 1566 1527 1590 vos

187 1614 411 1664 dispertitos
450 1623 488 1653 et
528 1615 566 1652 in
606 1616 775 1666 speculis
815 1630 924 1664 esse,
973 1619 1042 1655 sed
1078 1617 1232 1655 medius
1267 1617 1382 1655 fidius
1417 1625 1529 1667 turpe

188 1680 302 1717 nobis
324 1687 420 1729 puto
441 1693 525 1718 esse
547 1682 596 1718 de
618 1682 708 1730 fuga
729 1681 923 1730 cogitare.⁷
968 1683 1061 1719 Hoc
1083 1689 1194 1731 turpe
1217 1683 1376 1720 Gnaeus
1398 1690 1529 1719 noster

189 1744 350 1782 biennio
383 1753 474 1783 ante
506 1745 703 1794 cogitavit.
764 1747 825 1784 Ita
858 1746 1049 1783 sullaturit
1078 1746 1233 1784 animus
1263 1746 1345 1784 eius
1376 1754 1413 1784 et
1444 1760 1528 1796 pro—

188 1810 383 1859 scripturit
405 1810 479 1847 iam
502 1810 582 1848 diu.
629 1812 743 1858 Inde,
765 1818 806 1848 ut
828 1811 978 1860 opinor,
1001 1825 1091 1849 cum
1114 1819 1155 1849 tu
1176 1813 1226 1849 ad
1248 1825 1311 1849 me
1332 1812 1525 1861 quaedam
1549 1827 1585 1858 25

188 1874 422 1926 γενικώτερον
451 1873 669 1922 scripsisses
699 1881 737 1911 et
759 1887 831 1923 ego
853 1873 948 1911 mihi
967 1887 990 1911 a
1011 1882 1048 1912 te
1071 1872 1299 1926 [quaedam]
1321 1874 1527 1924 significari

189 1946 387 1988 putassem
414 1946 455 1976 ut
484 1938 596 1976 Italia
623 1940 816 1985 cederem,
839 1938 1043 1977 detestaris
1070 1940 1146 1976 hoc
1173 1938 1378 1989 diligenter
1402 1950 1444 1975 xl
1475 1940 1527 1976 K.

191 2005 320 2050 Mart„
355 2005 464 2052 ‘Ego
485 2017 576 2041 vero
598 2005 704 2041 nulla
728 2003 894 2053 epistula
923 2003 1148 2053 significavi,
1171 2004 1202 2041 si
1230 2005 1388 2042 Gnaeus
1414 2003 1527 2041 Italia

190 2069 361 2114 cederet,
381 2076 423 2105 ut
453 2076 493 2105 tu
525 2082 603 2106 una
632 2070 802 2115 cederes,
825 2075 892 2106 aut
920 2069 957 2106 si
982 2067 1207 2118 significavi,
1237 2081 1317 2105 non
1347 2067 1438 2106 dico
1472 2068 1525 2105 sui

234 2183 255 2209 9
279 2177 312 2202 ct
329 2171 402 2202 add.
424 2172 604 2202 Ascensz'ns
717 2182 754 2201 12
781 2182 854 2202 sum
871 2172 1049 2202 Ascctzsz'ns
1164 2173 1259 2211 1819
1284 2173 1441 2211 fugamne
1458 2196 1464 2202 .
1487 2197 1494 2203 .
1515 2196 1522 2203 .

191 2217 324 2255 puteml
350 2216 402 2245 Ila
427 2216 502 2245 Otto
518 2214 655 2247 Miiller:
693 2216 851 2253 fugamne
880 2216 978 2246 fidam
1004 2218 1095 2255 (corr.
1117 2227 1156 2246 ex
1183 2216 1304 2246 fedam]
1330 2226 1373 2246 an
1400 2226 1524 2246 moram

192 2260 369 2289 defendam
387 2260 554 2289 utiliorem
573 2264 687 2298 putem
705 2259 763 2290 M:
790 2260 946 2298 fugamne
963 2260 1123 2289 suadeam
1141 2270 1183 2289 an
1203 2270 1327 2290 moram
1345 2260 1525 2289 defendam

193 2303 429 2341 utilioremque
447 2308 560 2341 putem
579 2303 698 2332 Klots:
725 2304 882 2342 sug-amne
905 2303 1037 2333 foedam
1056 2314 1099 2333 an
1119 2313 1244 2333 moram
1266 2303 1416 2333 desidem
1435 2303 1526 2333 utili-

192 2357 282 2376 orem
302 2352 415 2385 putem
434 2346 526 2377 illan.
600 2356 650 2379 21,
672 2357 712 2376 22
738 2357 797 2376 vos
815 2347 1011 2385 dispertitos
1029 2346 1128 2377 Rom.
1149 2346 1256 2386 vulg:
1282 2357 1341 2375 eos
1359 2350 1434 2381 (vos
1453 2346 1524 2386 M2')

193 2391 367 2429 dispertiri]
387 2400 446 2419 eos
463 2390 503 2419 M
590 2391 631 2419 26
656 2391 820 2429 quaedam
835 2390 892 2420 del.
913 2389 1036 2420 Srltz'its
1137 2401 1180 2429 29
1204 2390 1230 2420 si
1250 2389 1326 2420 add.
1346 2390 1433 2428 vulg.
