1742 2651
70 93 177 130 XIII
212 94 352 130 xxxix
585 97 641 133 M.
673 97 840 134 TVLLI
874 98 1182 136 CICERONIS

184 615 199 640 1

178 1200 202 1227 2

184 1918 202 1945 1

220 205 358 243 Libros
391 206 485 244 mihi
515 208 565 245 de
596 207 739 257 quibus
769 209 819 246 ad
848 216 884 246 te
912 216 1027 246 antea
1054 209 1190 259 scripsi
1211 209 1326 248 velim
1356 209 1485 249 mittas
1513 218 1551 249 et

219 270 387 310 maxime
407 272 566 322 Φαίδρου
586 273 669 323 περὶ
689 273 780 311 θεῶν
800 280 838 311 et
859 276 1154 316 †HAAIAOE†.

262 419 342 453 XL
433 421 502 453 Ser.
522 422 555 452 in
577 421 764 452 Tusculano
778 422 821 452 vt'i
835 426 895 452 aul
906 423 940 452 vi
952 421 1002 453 ld.
1021 422 1110 454 Sext.
1129 433 1158 454 a.
1183 433 1241 464 709
1261 424 1341 465 (θ’).

629 510 798 540 CICERO
829 509 1010 541 ATTICO
1039 509 1145 541 SAL.

276 603 418 640 Itane?
446 600 600 639 nuntiat
624 603 766 639 Brutus
788 601 896 639 illum
917 602 967 639 ad
990 601 1116 639 bonos
1137 600 1268 640 viros?
1324 604 1549 655 Εὐαγγέλια.
1573 616 1590 647 5

220 667 297 705 Sed
338 665 405 703 ubi
443 667 540 703 eos?
588 665 661 703 nisi
701 667 798 704 forte
838 679 878 703 se
913 665 1128 716 suspendit.
1199 665 1306 706 †Hic
1340 674 1471 706 autem
1510 675 1552 706 ut

220 731 360 768 fultum
391 737 486 769 est.†
544 730 621 768 Vbi
650 730 764 780 igitur
788 732 1048 781 φιλοτέχνημα
1077 730 1173 768 illud
1201 737 1312 768 tuum
1337 733 1445 781 quod
1472 731 1552 770 vidi

220 795 259 833 in
301 797 560 841 Parthenone,
603 797 770 833 Ahalam
812 803 849 833 et
890 797 1085 833 Brutum?
1156 797 1233 833 Sed
1273 795 1368 845 quid
1408 796 1553 834 faciat?

222 862 325 899 Illud
356 860 515 910 optime,
547 862 646 899 ‘Sed
677 874 726 898 ne
757 860 788 898 is
819 860 980 910 quidem
1012 859 1077 909 qui
1109 859 1286 897 omnium
1318 860 1551 909 flagitiorum

218 933 355 963 auctor
386 926 487 963 bene
517 926 567 963 de
598 927 756 962 nostro)
814 927 867 962 At
897 939 970 975 ego
995 924 1155 962 verebar
1184 938 1233 962 ne
1260 924 1377 962 etiam
1410 927 1552 962 Brutus

220 1005 310 1029 eum
332 990 532 1040 diligeret;
573 990 625 1027 ita
655 989 759 1028 enim
788 990 1022 1039 significarat
1049 989 1094 1027 iis
1119 989 1254 1027 litteris
1279 1003 1374 1039 quas
1399 991 1448 1027 ad
1476 1003 1551 1036 me,

220 1059 297 1094 ‘At
323 1058 461 1094 vellem
490 1055 639 1105 aliquid
668 1056 915 1106 degustasses
944 1056 994 1093 de
1021 1054 1187 1093 fabulis?
1245 1056 1322 1093 Sed
1344 1068 1486 1101 coram,
1510 1062 1552 1093 ut

221 1121 367 1159 scribis.

277 1186 359 1223 Etsi
382 1186 476 1236 quid
498 1186 550 1223 mi
571 1194 707 1224 auctor
725 1188 798 1224 es?
827 1188 1022 1224 advolone
1049 1200 1099 1224 an
1126 1188 1296 1224 maneo?
1354 1185 1551 1236 Equidem

221 1259 258 1290 et
279 1251 317 1289 in
339 1251 445 1289 libris
473 1252 615 1289 haereo
637 1258 674 1289 et
703 1251 811 1289 illurn
833 1251 896 1289 hic
925 1251 1103 1301 excipere
1131 1253 1248 1299 nolo3
1278 1252 1329 1289 ad
1357 1265 1486 1301 quem,
1510 1258 1551 1289 ut

218 1316 349 1363 audio,
391 1324 499 1367 pater
531 1316 650 1354 hodie
683 1318 733 1354 ad
773 1318 873 1355 Saxa
912 1316 1187 1357 †acrin]oriia.†
1246 1317 1393 1354 Mirum
1432 1329 1551 1366 quarn

221 1382 400 1420 inimicus
422 1382 503 1419 ibat
524 1389 565 1419 ut
586 1395 659 1431 ego
681 1381 937 1432 obiurgarem.
999 1383 1077 1420 Sed
1098 1395 1171 1432 ego
1198 1381 1281 1432 ipse
1303 1383 1550 1432 κεκέπφωμαι.

222 1449 361 1497 Itaque
395 1448 570 1496 posthac.
630 1448 693 1484 Tu
733 1454 865 1485 tamen
904 1446 994 1486 vide
1033 1446 1129 1497 quid
1168 1448 1218 1485 de
1256 1448 1429 1486 adventu
1464 1460 1554 1485 meo

219 1526 379 1550 censeas
407 1520 445 1551 et
465 1514 510 1550 τὰ
529 1512 610 1559 ὅλα,
634 1525 717 1550 cras
739 1511 770 1550 si
792 1511 959 1562 perspici
988 1511 1198 1562 potuerint,
1222 1525 1338 1551 mane
1359 1511 1489 1551 statim
1511 1519 1553 1550 ut

219 1591 351 1616 sclam.

264 1725 367 1760 XLI
449 1728 516 1760 Scr.
538 1729 570 1759 in
593 1727 778 1759 Tusculano
794 1730 901 1760 vinnt
917 1741 937 1761 v
953 1730 1002 1761 Id.
1022 1730 1108 1762 Sext.
1130 1742 1161 1762 a.
1182 1740 1240 1771 709
1259 1730 1340 1772 (45).

631 1818 802 1849 CICERO
832 1819 1014 1850 ATTICO
1045 1819 1152 1851 SAL.

276 1910 361 1958 Ego
381 1921 473 1945 vero
502 1906 654 1955 Quinto
683 1907 890 1958 epistulam
921 1910 971 1947 ad
999 1922 1171 1947 sororem
1200 1908 1298 1947 misi.
1359 1908 1462 1948 Cum
1489 1906 1553 1944 ille

220 1981 445 2024 quereretur
477 1972 557 2011 filio
593 1987 682 2011 curn
718 1981 839 2012 matre
875 1975 1022 2013 bellurn
1052 1982 1089 2013 et
1125 1988 1165 2012 se
1195 1975 1247 2012 ob
1277 1987 1363 2012 eam
1394 1985 1551 2011 causam

265 2089 284 2108 2
308 2078 422 2109 παντός
442 2079 570 2115 Gurlitt,
590 2080 625 2119 ff.
649 2086 655 2096 ⁵
670 2079 866 2119 Philologus
879 2078 886 2091 ³
905 2079 1022 2118 (1898)
1037 2083 1093 2118 ps).
1107 2080 1277 2118 398—403:
1301 2076 1366 2116 περὶ
1385 2075 1553 2107 Παλλάδος

224 2122 397 2152 ΟιίἸΙίτοΙΙ.
414 2122 452 2152 de
461 2123 538 2153 Nat.
556 2123 651 2154 Deos.
674 2123 691 2154 i.
707 2133 761 2161 41:
782 2122 1023 2160 Ἀπολλοδώρου
1035 2122 1150 2152 Hir-:el
1236 2131 1255 2160 5
1283 2121 1399 2152 Itane?
1422 2120 1553 2150 nuntiat

222 2164 366 2196 sziller:
392 2166 487 2197 Itane
508 2167 641 2197 nuntiat
660 2168 747 2205 vulg.
863 2168 883 2195 6
907 2171 1030 2197 autem.
1056 2171 1091 2196 ut
1116 2165 1252 2195 stultum
1277 2168 1347 2195 est!
1378 2163 1552 2194 Tmzstall:

222 2216 344 2247 autem,
363 2214 397 2239 ut
419 2210 570 2240 ‘futilum
592 2216 642 2240 est
655 2210 662 2222 '
675 2209 826 2240 Sclmn'dt
842 2221 848 2239 :
873 2211 1006 2240 autem?
1028 2209 1077 2239 Tu
1096 2209 1244 2239 ‘sutilum
1263 2208 1331 2238 est*
1349 2207 1492 2246 Tyrrcll:
1516 2211 1552 2236 ut

223 2254 348 2284 iussum
361 2261 412 2284 est
425 2254 585 2294 (sc.facit)
606 2253 726 2284 Gurlm
825 2255 845 2283 8
870 2253 991 2283 saciant
1010 2253 1104 2283 Μαη.
1213 2263 1251 2282 10
1274 2252 1319 2281 At
1342 2250 1550 2290 lVesenbetjg:

221 2303 273 2328 ast
291 2297 345 2327 ,ΜῚ
363 2310 369 2328 :
395 2309 413 2327 a
433 2303 484 2327 est
503 2297 554 2326 M¹
705 2308 742 2327 12
767 2298 986 2336 degustasses
1001 2296 1194 2326 Gronovius:
1220 2305 1312 2325 -asse
1329 2294 1416 2325 codd.
1513 2295 1553 2324 16

221 2342 419 2372 Aer-onoma
431 2335 490 2370 Z':
520 2341 715 2372 Acrunoma
742 2340 785 2371 C:
810 2350 941 2370 summa
965 2340 1148 2370 acrimonia
1164 2338 1335 2370 Schmidt:
1362 2338 1551 2369 lacrumans

224 2384 346 2415 Gurlitt
557 2395 592 2424 17
619 2383 823 2422 κεκέπφωμαι
850 2383 990 2414 Rosius:
1026 2386 1224 2413 ΚΕΦΦΩΜΑ
1253 2381 1313 2412 M:
1346 2380 1500 2422 κέπψωμα
1529 2380 1556 2411 C

221 2439 262 2468 24
287 2432 362 2458 ante
378 2432 411 2458 et
427 2438 463 2458 se
482 2427 556 2458 add.
578 2438 655 2459 esse
677 2427 866 2466 Wesenberg

1576 938 1613 959 10

1575 1582 1613 1604 20
