1742 2651
91 98 200 134 XIV.
221 98 297 132 xix
614 97 667 132 M.
701 96 866 132 TVLLI
900 95 1207 133 CICERONIS

237 221 379 245 naeum
411 207 555 245 litteras
586 206 825 245 reddidisse!
884 207 946 243 Tu
968 219 1059 243 vero
1080 219 1169 243 cum
1193 205 1330 245 Cassio
1358 214 1399 244 ut
1429 213 1568 244 cetera.

238 275 369 322 Quam
401 273 613 310 commode
647 279 778 309 autem
815 272 923 320 quod
955 270 995 308 id
1030 270 1158 320 ipsum
1195 273 1302 320 quod
1335 285 1398 310 me
1434 285 1572 309 mones

237 337 459 387 quadriduo
483 345 574 374 ante
600 337 649 374 ad
681 350 770 374 eum
802 335 1029 385 scripseram
1061 337 1365 386 exemplumque
1397 350 1571 374 mearum

237 402 449 440 litterarum
475 403 525 439 ad
550 409 588 439 te
616 401 795 438 miseram
817 403 823 438 i
882 401 959 439 Sed
981 414 1071 438 cum
1094 414 1139 438 ex
1163 401 1394 439 Dolabellae
1414 401 1572 441 †aritia†

238 468 310 517 (sic
331 468 436 506 enim
458 475 497 505 tu
520 468 569 505 ad
595 480 658 504 me
686 466 910 516 scripseras)
933 480 1074 515 magna
1100 466 1374 515 desperatione
1394 468 1571 505 adfectus

236 547 378 577 essem,
409 546 500 571 ecce
541 531 609 569 tibi
646 539 683 569 et
720 531 827 568 Bruti
861 539 897 569 et
931 539 1020 569 tuae
1053 531 1229 569 litterae!
1288 533 1359 569 Ille
1394 531 1571 570 exsilium

238 597 428 636 meditari.
489 599 573 634 Nos
601 604 731 634 autem
760 595 879 633 alium
910 603 1066 645 portum
1096 595 1317 645 propiorem
1344 596 1434 634 huic
1454 596 1571 634 aetati

236 663 495 708 videbamus:
543 661 581 698 in
622 675 739 710 quem
784 662 940 698 mallem
987 660 1171 709 equidem
1212 661 1369 709 pervehi
1409 662 1571 698 florente

239 730 360 765 Bruto
391 735 524 765 nostro
555 726 846 775 constitutaque
874 740 913 763 re
938 725 1106 775 publica.
1167 727 1245 764 Sed
1270 740 1375 763 nunc
1396 725 1569 775 quidem,

237 800 278 830 ut
313 792 460 838 scribis,
495 806 575 830 non
610 791 811 829 utrumvis.
872 790 1092 828 Adsentiris
1124 790 1229 828 enim
1262 791 1357 828 mihi
1397 799 1569 828 nostram

235 866 405 896 aetatem
426 872 447 895 a
469 856 613 902 castris,
638 856 863 906 praesertim
885 856 1075 901 civilibus,
1098 856 1318 894 abhorrere.

194 933 216 958 2
290 922 488 960 Antonius
515 922 566 959 ad
595 935 657 959 me
685 928 837 958 tantum
859 921 909 958 de
931 920 1075 959 Clodio
1102 920 1306 970 rescripsit,
1330 934 1458 958 meam
1480 921 1572 958 leni-

238 995 356 1026 tatem
385 995 421 1025 et
449 985 700 1024 clementiam
728 993 766 1023 et
796 985 869 1023 sibi
899 999 983 1023 esse
1013 993 1160 1035 gratam
1188 993 1226 1023 et
1256 985 1351 1023 mihi
1381 985 1570 1035 voluptati

238 1066 401 1103 magnae
432 1054 523 1089 fore.
583 1052 661 1089 Sed
684 1053 811 1088 Pansa
834 1052 958 1088 furere
979 1050 1133 1088 videtur
1159 1051 1208 1087 de
1230 1050 1373 1089 Clodio
1397 1050 1571 1100 itemque

237 1119 286 1156 de
303 1117 490 1155 Deiotaro
511 1124 548 1155 et
569 1116 741 1165 loquitur
761 1129 904 1163 severe,
928 1115 957 1153 si
980 1115 1073 1153 velis
1095 1117 1262 1153 credere.
1312 1117 1415 1154 Illud
1438 1124 1569 1154 tamen

237 1197 317 1221 non
343 1183 454 1228 belle,
479 1190 520 1219 ut
548 1181 643 1219 mihi
666 1181 826 1231 quidem
849 1181 1011 1227 videtur,
1035 1182 1142 1230 quod
1170 1182 1316 1218 factum
1340 1182 1570 1220 Dolabellae

194 1260 217 1295 3
237 1249 489 1286 vehementer
510 1247 716 1296 improbat.
774 1248 834 1284 De
855 1245 1065 1293 coronatis,
1087 1259 1176 1283 cum
1199 1245 1339 1283 sororis
1360 1253 1449 1284 tuae
1470 1246 1571 1283 filius

236 1327 258 1351 a
296 1321 404 1362 patre
443 1320 648 1350 accusatus
688 1319 799 1357 esset,
842 1310 1037 1360 rescripsit
1075 1324 1115 1348 se
1161 1324 1348 1349 coronam
1388 1310 1571 1349 habuisse

237 1377 396 1416 honoris
419 1376 596 1416 Caesaris
617 1390 743 1423 causa,
769 1375 946 1426 posuisse
972 1377 1099 1413 luctus
1129 1375 1249 1425 gratia
1270 1390 1276 1415 ε
1310 1383 1509 1425 postremo
1530 1390 1570 1414 se

237 1443 403 1481 libenter
424 1441 750 1491 vituperationem
778 1440 908 1479 subire
929 1442 1037 1490 quod
1063 1448 1210 1478 amaret
1232 1440 1348 1478 etiam
1371 1448 1569 1479 mortuum

240 1510 459 1547 Caesarem.

193 1581 219 1618 4
293 1574 358 1611 Ad
399 1573 660 1617 Dolabellam,
701 1584 819 1620 quem
865 1572 915 1608 ad
956 1572 1119 1609 modum
1159 1570 1229 1609 tibi
1269 1571 1366 1609 dicis
1405 1573 1571 1621 placere,

239 1637 372 1688 scripsi
403 1637 619 1686 diligenter.
680 1637 765 1685 Ego
795 1635 912 1673 etiam
943 1636 993 1673 ad
1024 1635 1203 1677 Siccam:
1239 1635 1308 1673 tibi
1339 1637 1414 1673 hoc
1445 1636 1572 1674 oneris

240 1719 318 1744 non
337 1705 510 1755 impono.
555 1705 661 1742 Nolo
682 1710 720 1741 te
741 1703 850 1740 illum
872 1702 1010 1740 iratum
1034 1703 1189 1740 habere.
1233 1702 1339 1740 Servi
1356 1702 1571 1740 orationem

239 1784 464 1820 cognosco:
504 1769 544 1807 in
579 1783 657 1818 qua
688 1770 775 1818 plus
811 1767 960 1806 timoris
992 1767 1108 1806 video
1138 1781 1255 1817 quam
1287 1767 1435 1806 consili.
1495 1769 1572 1806 Sed
1597 1780 1608 1800 2

239 1835 427 1886 quoniam
457 1834 646 1884 perterriti
677 1847 815 1872 omnes
846 1847 992 1880 sumus,
1018 1833 1218 1871 adsentior
1242 1833 1385 1871 Servio.
1446 1833 1573 1871 Publi-

239 1901 312 1939 lius
340 1909 470 1938 tecum
502 1899 660 1937 tricatus
691 1906 758 1937 est.
822 1900 915 1936 Huc
943 1897 1049 1936 enim
1071 1897 1261 1936 Caerellia
1283 1897 1401 1934 missa
1420 1898 1470 1935 ab
1492 1897 1573 1935 istis

240 1975 297 2005 est
314 1968 438 2015 legata
458 1966 508 2003 ad
531 1979 610 2012 me3
642 1964 705 2002 cui
726 1964 838 2002 facile
859 1963 1031 2013 persuasi
1053 1962 1148 2000 mihi
1170 1962 1209 2001 id
1226 1964 1333 2012 quod
1354 1969 1503 2012 rogaret
1524 1976 1574 2000 ne

241 2031 355 2069 licere
380 2029 553 2079 quidem,
579 2043 659 2066 non
686 2030 806 2067 modo
827 2042 906 2066 non
929 2028 1073 2066 lubere.
1134 2027 1353 2065 Antonium
1374 2026 1405 2064 si
1426 2026 1571 2072 videro,

241 2103 420 2133 accurate
441 2109 553 2145 agam
575 2096 625 2133 de
648 2095 851 2132 Buthroto.

200 2171 224 2208 5
294 2160 424 2198 Venio
451 2161 501 2197 ad
530 2159 764 2197 recentiores
794 2158 964 2201 litteras;
1002 2170 1243 2206 quamquam
1272 2157 1321 2194 de
1343 2155 1475 2194 Servio
1496 2155 1573 2193 iam

242 2225 429 2275 rescripsi.
493 2226 584 2262 ‘Me
619 2225 745 2262 facere
784 2236 966 2272 magnam
997 2224 1128 2272 πρᾶξιν
1161 2222 1414 2260 Dolabellae.⁷
1473 2221 1574 2258 Mihi

287 2342 305 2369 4
331 2340 374 2359 ex
391 2340 418 2359 v.
431 2341 453 2360 c.
475 2327 503 2357 L
522 2329 663 2368 (marg.)
689 2327 778 2358 Crat.
797 2339 802 2358 :
829 2337 892 2357 om.
912 2331 965 2356 ΣΔ
1095 2326 1192 2356 aritia
1207 2325 1298 2356 codd.
1316 2336 1336 2355 v
1351 2336 1388 2361 c.,
1405 2326 1474 2354 sinc
1488 2336 1576 2355 cruce

249 2373 372 2412 svm-cll
395 2372 532 2403 Msiller:
566 2371 705 2402 avaritia
731 2371 820 2408 Vici„
847 2371 882 2410 cs.
907 2372 954 2401 18.
980 2381 1018 2401 1:
1046 2369 1154 2410 ἀτισίᾳ
1181 2368 1324 2399 Rosius:
1356 2368 1498 2409 ἀριστείᾳ
1520 2369 1569 2398 Fr.

246 2417 396 2447 §clu-nid!

1597 806 1631 828 10

1593 1131 1628 1161 15

1593 1454 1632 1476 20

1596 2101 1635 2131 30
