<?xml version="1.0" encoding="UTF-8"?>
<!DOCTYPE html PUBLIC "-//W3C//DTD XHTML 1.0 Transitional//EN"
    "http://www.w3.org/TR/xhtml1/DTD/xhtml1-transitional.dtd">
<html xmlns="http://www.w3.org/1999/xhtml" xml:lang="en" lang="en">
 <head>
  <title>
</title>
<meta http-equiv="Content-Type" content="text/html;charset=utf-8" />
  <meta name='ocr-system' content='tesseract 3.04.00' />
  <meta name='ocr-capabilities' content='ocr_page ocr_carea ocr_par ocr_line ocrx_word'/>
</head>
<body>
  <div class='ocr_page' id='page_1' title='image "./p2epistulaerecog02ciceuoft_0236.png"; bbox 0 0 1742 2651; ppageno 0'>
   <div class='ocr_carea' id='block_1_1' title="bbox 74 103 1189 143">
    <p class='ocr_par' dir='ltr' id='par_1_1' title="bbox 74 103 1189 143">
     <span class='ocr_line' id='line_1_1' title="bbox 74 103 1189 143; baseline 0.002 -3"><span class='ocrx_word' id='word_1_1' title='bbox 74 103 184 140; x_wconf 92' lang='lat' dir='ltr'><strong>XIV.</strong></span> <span class='ocrx_word' id='word_1_2' title='bbox 209 113 270 138; x_wconf 89' lang='lat' dir='ltr'>xx</span> <span class='ocrx_word' id='word_1_3' title='bbox 592 105 647 141; x_wconf 88' lang='lat' dir='ltr'>M.</span> <span class='ocrx_word' id='word_1_4' title='bbox 680 105 848 142; x_wconf 87' lang='lat' dir='ltr'>TVLLI</span> <span class='ocrx_word' id='word_1_5' title='bbox 881 104 1189 143; x_wconf 85' lang='lat' dir='ltr'>CICERONIS</span> 
     </span>
    </p>
   </div>
   <div class='ocr_carea' id='block_1_2' title="bbox 168 213 1615 2281">
    <p class='ocr_par' dir='ltr' id='par_1_2' title="bbox 225 213 1550 317">
     <span class='ocr_line' id='line_1_2' title="bbox 225 213 1550 267; baseline 0.005 -17"><span class='ocrx_word' id='word_1_6' title='bbox 225 213 340 251; x_wconf 87' lang='lat' dir='ltr'>velim</span> <span class='ocrx_word' id='word_1_7' title='bbox 361 221 479 263; x_wconf 90' lang='lat' dir='ltr'>atque</span> <span class='ocrx_word' id='word_1_8' title='bbox 496 214 613 251; x_wconf 88' lang='lat' dir='ltr'>etiam</span> <span class='ocrx_word' id='word_1_9' title='bbox 628 216 677 252; x_wconf 90' lang='lat' dir='ltr'>de</span> <span class='ocrx_word' id='word_1_10' title='bbox 694 216 861 253; x_wconf 89' lang='lat' dir='ltr'>Caesare</span> <span class='ocrx_word' id='word_1_11' title='bbox 878 215 954 253; x_wconf 91' lang='lat' dir='ltr'>illo.</span> <span class='ocrx_word' id='word_1_12' title='bbox 999 217 1169 254; x_wconf 77' lang='lat' dir='ltr'>Persolvi</span> <span class='ocrx_word' id='word_1_13' title='bbox 1188 217 1334 267; x_wconf 84' lang='lat' dir='ltr'>primae</span> <span class='ocrx_word' id='word_1_14' title='bbox 1350 217 1550 267; x_wconf 79' lang='lat' dir='ltr'>epistulae,</span> 
     </span>
     <span class='ocr_line' id='line_1_3' title="bbox 225 279 657 317; baseline 0.002 -1"><span class='ocrx_word' id='word_1_15' title='bbox 225 279 340 316; x_wconf 84' lang='lat' dir='ltr'>venio</span> <span class='ocrx_word' id='word_1_16' title='bbox 360 280 410 317; x_wconf 86' lang='lat' dir='ltr'>ad</span> <span class='ocrx_word' id='word_1_17' title='bbox 431 280 657 317; x_wconf 84' lang='lat' dir='ltr'>secundam.</span> 
     </span>
    </p>

    <p class='ocr_par' dir='ltr' id='par_1_3' title="bbox 180 344 1615 1303">
     <span class='ocr_line' id='line_1_4' title="bbox 180 344 1555 397; baseline 0.004 -17"><span class='ocrx_word' id='word_1_18' title='bbox 180 349 204 385; x_wconf 88' lang='lat'><strong>3</strong></span> <span class='ocrx_word' id='word_1_19' title='bbox 280 345 341 381; x_wconf 90' lang='lat' dir='ltr'>De</span> <span class='ocrx_word' id='word_1_20' title='bbox 374 344 543 392; x_wconf 83' lang='lat' dir='ltr'>Quintis,</span> <span class='ocrx_word' id='word_1_21' title='bbox 582 346 785 391; x_wconf 82' lang='lat' dir='ltr'>Buthroto,</span> <span class='ocrx_word' id='word_1_22' title='bbox 821 359 910 382; x_wconf 84' lang='lat' dir='ltr'>cum</span> <span class='ocrx_word' id='word_1_23' title='bbox 952 359 1109 393; x_wconf 80' lang='lat' dir='ltr'>venero,</span> <span class='ocrx_word' id='word_1_24' title='bbox 1148 354 1189 384; x_wconf 91' lang='lat' dir='ltr'>ut</span> <span class='ocrx_word' id='word_1_25' title='bbox 1228 347 1373 386; x_wconf 90' lang='lat' dir='ltr'>scribis.</span> <span class='ocrx_word' id='word_1_26' title='bbox 1435 349 1555 397; x_wconf 84' lang='lat' dir='ltr'>Quod</span> 
     </span>
     <span class='ocr_line' id='line_1_5' title="bbox 223 408 1555 462; baseline 0.002 -16"><span class='ocrx_word' id='word_1_27' title='bbox 223 408 405 447; x_wconf 80' lang='lat' dir='ltr'>Ciceroni</span> <span class='ocrx_word' id='word_1_28' title='bbox 437 409 673 458; x_wconf 83' lang='lat' dir='ltr'>suppeditaS,</span> <span class='ocrx_word' id='word_1_29' title='bbox 707 417 870 458; x_wconf 87' lang='lat' dir='ltr'>gratum.</span> <span class='ocrx_word' id='word_1_30' title='bbox 934 411 1055 458; x_wconf 84' lang='lat' dir='ltr'>Quod</span> <span class='ocrx_word' id='word_1_31' title='bbox 1089 424 1213 449; x_wconf 88' lang='lat' dir='ltr'>errare</span> <span class='ocrx_word' id='word_1_32' title='bbox 1247 426 1310 450; x_wconf 87' lang='lat' dir='ltr'>me</span> <span class='ocrx_word' id='word_1_33' title='bbox 1344 420 1457 462; x_wconf 88' lang='lat' dir='ltr'>putas</span> <span class='ocrx_word' id='word_1_34' title='bbox 1489 411 1555 461; x_wconf 92' lang='lat' dir='ltr'>qui</span> 
     </span>
     <span class='ocr_line' id='line_1_6' title="bbox 221 473 1595 523; baseline 0.002 -13"><span class='ocrx_word' id='word_1_35' title='bbox 221 487 301 511; x_wconf 91' lang='lat' dir='ltr'>rem</span> <span class='ocrx_word' id='word_1_36' title='bbox 341 473 539 523; x_wconf 76' lang='lat' dir='ltr'>publicam</span> <span class='ocrx_word' id='word_1_37' title='bbox 575 482 709 523; x_wconf 87' lang='lat' dir='ltr'>putem</span> <span class='ocrx_word' id='word_1_38' title='bbox 744 475 915 523; x_wconf 88' lang='lat' dir='ltr'>pendere</span> <span class='ocrx_word' id='word_1_39' title='bbox 947 488 964 511; x_wconf 85' lang='lat' dir='ltr'>e</span> <span class='ocrx_word' id='word_1_40' title='bbox 1002 477 1134 520; x_wconf 84' lang='lat' dir='ltr'>Bruto,</span> <span class='ocrx_word' id='word_1_41' title='bbox 1171 476 1225 514; x_wconf 89' lang='lat' dir='ltr'>sic</span> <span class='ocrx_word' id='word_1_42' title='bbox 1259 490 1300 514; x_wconf 89' lang='lat' dir='ltr'>se</span> <span class='ocrx_word' id='word_1_43' title='bbox 1332 490 1391 514; x_wconf 90' lang='lat' dir='ltr'>res</span> <span class='ocrx_word' id='word_1_44' title='bbox 1426 476 1554 513; x_wconf 87' lang='lat' dir='ltr'>habet.</span> <span class='ocrx_word' id='word_1_45' title='bbox 1579 491 1595 520; x_wconf 83' lang='lat'>5</span> 
     </span>
     <span class='ocr_line' id='line_1_7' title="bbox 221 538 1558 589; baseline 0.001 -13"><span class='ocrx_word' id='word_1_46' title='bbox 221 541 300 576; x_wconf 82' lang='lat' dir='ltr'>Aut</span> <span class='ocrx_word' id='word_1_47' title='bbox 333 540 439 575; x_wconf 87' lang='lat' dir='ltr'>nulla</span> <span class='ocrx_word' id='word_1_48' title='bbox 473 538 542 576; x_wconf 86' lang='lat' dir='ltr'>erit</span> <span class='ocrx_word' id='word_1_49' title='bbox 577 547 642 576; x_wconf 89' lang='lat' dir='ltr'>aut</span> <span class='ocrx_word' id='word_1_50' title='bbox 680 538 730 575; x_wconf 87' lang='lat' dir='ltr'>ab</span> <span class='ocrx_word' id='word_1_51' title='bbox 770 539 844 576; x_wconf 89' lang='lat' dir='ltr'>isto</span> <span class='ocrx_word' id='word_1_52' title='bbox 885 539 1016 577; x_wconf 83' lang='lat' dir='ltr'>istisve</span> <span class='ocrx_word' id='word_1_53' title='bbox 1057 540 1281 578; x_wconf 82' lang='lat' dir='ltr'>servabitur.</span> <span class='ocrx_word' id='word_1_54' title='bbox 1342 542 1462 589; x_wconf 82' lang='lat' dir='ltr'>Quod</span> <span class='ocrx_word' id='word_1_55' title='bbox 1494 554 1558 578; x_wconf 92' lang='lat' dir='ltr'>me</span> 
     </span>
     <span class='ocr_line' id='line_1_8' title="bbox 221 602 1557 654; baseline 0.001 -14"><span class='ocrx_word' id='word_1_56' title='bbox 221 603 383 641; x_wconf 84' lang='lat' dir='ltr'>hortaris</span> <span class='ocrx_word' id='word_1_57' title='bbox 418 611 459 640; x_wconf 93' lang='lat' dir='ltr'>ut</span> <span class='ocrx_word' id='word_1_58' title='bbox 494 602 677 652; x_wconf 78' lang='lat' dir='ltr'>scriptam</span> <span class='ocrx_word' id='word_1_59' title='bbox 709 603 936 641; x_wconf 88' lang='lat' dir='ltr'>contionem</span> <span class='ocrx_word' id='word_1_60' title='bbox 981 604 1144 651; x_wconf 88' lang='lat' dir='ltr'>mittam,</span> <span class='ocrx_word' id='word_1_61' title='bbox 1178 605 1313 654; x_wconf 88' lang='lat' dir='ltr'>accipe</span> <span class='ocrx_word' id='word_1_62' title='bbox 1343 619 1365 642; x_wconf 90' lang='lat' dir='ltr'>a</span> <span class='ocrx_word' id='word_1_63' title='bbox 1396 618 1469 651; x_wconf 88' lang='lat' dir='ltr'>me,</span> <span class='ocrx_word' id='word_1_64' title='bbox 1505 605 1557 641; x_wconf 91' lang='lat' dir='ltr'>mi</span> 
     </span>
     <span class='ocr_line' id='line_1_9' title="bbox 220 668 1557 719; baseline 0.001 -14"><span class='ocrx_word' id='word_1_65' title='bbox 220 668 364 715; x_wconf 81' lang='lat' dir='ltr'>Attice,</span> <span class='ocrx_word' id='word_1_66' title='bbox 386 669 583 706; x_wconf 85' lang='grc' dir='ltr'>καθολικὸν</span> <span class='ocrx_word' id='word_1_67' title='bbox 604 669 773 718; x_wconf 84' lang='grc' dir='ltr'>θεώρημα</span> <span class='ocrx_word' id='word_1_68' title='bbox 801 682 933 706; x_wconf 87' lang='lat' dir='ltr'>earum</span> <span class='ocrx_word' id='word_1_69' title='bbox 965 683 1091 707; x_wconf 86' lang='lat' dir='ltr'>rerum</span> <span class='ocrx_word' id='word_1_70' title='bbox 1114 669 1153 706; x_wconf 91' lang='lat' dir='ltr'>in</span> <span class='ocrx_word' id='word_1_71' title='bbox 1176 670 1318 719; x_wconf 88' lang='lat' dir='ltr'>quibus</span> <span class='ocrx_word' id='word_1_72' title='bbox 1343 669 1434 707; x_wconf 87' lang='lat' dir='ltr'>satis</span> <span class='ocrx_word' id='word_1_73' title='bbox 1455 683 1557 707; x_wconf 80' lang='lat' dir='ltr'>exer-</span> 
     </span>
     <span class='ocr_line' id='line_1_10' title="bbox 219 733 1557 784; baseline 0.001 -13"><span class='ocrx_word' id='word_1_74' title='bbox 219 733 324 771; x_wconf 87' lang='lat' dir='ltr'>citati</span> <span class='ocrx_word' id='word_1_75' title='bbox 359 747 505 771; x_wconf 88' lang='lat' dir='ltr'>sumus.</span> <span class='ocrx_word' id='word_1_76' title='bbox 566 735 696 772; x_wconf 91' lang='lat' dir='ltr'>Nemo</span> <span class='ocrx_word' id='word_1_77' title='bbox 728 748 916 784; x_wconf 91' lang='lat' dir='ltr'>umquam</span> <span class='ocrx_word' id='word_1_78' title='bbox 953 748 1081 784; x_wconf 89' lang='lat' dir='ltr'>neque</span> <span class='ocrx_word' id='word_1_79' title='bbox 1118 743 1235 784; x_wconf 89' lang='lat' dir='ltr'>poeta</span> <span class='ocrx_word' id='word_1_80' title='bbox 1266 748 1394 784; x_wconf 88' lang='lat' dir='ltr'>neque</span> <span class='ocrx_word' id='word_1_81' title='bbox 1429 742 1557 772; x_wconf 90' lang='lat' dir='ltr'>orator</span> 
     </span>
     <span class='ocr_line' id='line_1_11' title="bbox 219 798 1615 848; baseline 0 -13"><span class='ocrx_word' id='word_1_82' title='bbox 219 798 290 835; x_wconf 86' lang='lat' dir='ltr'>fuit</span> <span class='ocrx_word' id='word_1_83' title='bbox 319 798 386 848; x_wconf 92' lang='lat' dir='ltr'>qui</span> <span class='ocrx_word' id='word_1_84' title='bbox 416 812 656 848; x_wconf 76' lang='lat' dir='ltr'>quemquam</span> <span class='ocrx_word' id='word_1_85' title='bbox 688 799 889 837; x_wconf 87' lang='lat' dir='ltr'>meliorem</span> <span class='ocrx_word' id='word_1_86' title='bbox 922 813 1041 848; x_wconf 88' lang='lat' dir='ltr'>quarn</span> <span class='ocrx_word' id='word_1_87' title='bbox 1073 813 1113 837; x_wconf 87' lang='lat' dir='ltr'>se</span> <span class='ocrx_word' id='word_1_88' title='bbox 1144 799 1401 837; x_wconf 80' lang='lat' dir='ltr'>arbitraretur.</span> <span class='ocrx_word' id='word_1_89' title='bbox 1463 800 1556 836; x_wconf 91' lang='lat' dir='ltr'>Hoc</span> <span class='ocrx_word' id='word_1_90' title='bbox 1579 813 1615 835; x_wconf 91' lang='lat'>10</span> 
     </span>
     <span class='ocr_line' id='line_1_12' title="bbox 218 863 1554 914; baseline 0.001 -14"><span class='ocrx_word' id='word_1_91' title='bbox 218 863 336 901; x_wconf 87' lang='lat' dir='ltr'>etiam</span> <span class='ocrx_word' id='word_1_92' title='bbox 357 863 468 901; x_wconf 86' lang='lat' dir='ltr'>malis</span> <span class='ocrx_word' id='word_1_93' title='bbox 489 863 705 913; x_wconf 87' lang='lat' dir='ltr'>contingit;</span> <span class='ocrx_word' id='word_1_94' title='bbox 735 863 831 913; x_wconf 90' lang='lat' dir='ltr'>quid</span> <span class='ocrx_word' id='word_1_95' title='bbox 862 872 903 901; x_wconf 92' lang='lat' dir='ltr'>tu</span> <span class='ocrx_word' id='word_1_96' title='bbox 936 866 1057 902; x_wconf 90' lang='lat' dir='ltr'>Bruto</span> <span class='ocrx_word' id='word_1_97' title='bbox 1089 872 1202 914; x_wconf 91' lang='lat' dir='ltr'>putas</span> <span class='ocrx_word' id='word_1_98' title='bbox 1233 872 1271 902; x_wconf 89' lang='lat' dir='ltr'>et</span> <span class='ocrx_word' id='word_1_99' title='bbox 1293 863 1497 914; x_wconf 87' lang='lat' dir='ltr'>ingenioso</span> <span class='ocrx_word' id='word_1_100' title='bbox 1517 872 1554 901; x_wconf 82' lang='lat' dir='ltr'>et</span> 
     </span>
     <span class='ocr_line' id='line_1_13' title="bbox 217 927 1552 979; baseline -0.001 -13"><span class='ocrx_word' id='word_1_101' title='bbox 217 927 404 966; x_wconf 86' lang='lat' dir='ltr'>erudito?</span> <span class='ocrx_word' id='word_1_102' title='bbox 462 930 522 966; x_wconf 90' lang='lat' dir='ltr'>De</span> <span class='ocrx_word' id='word_1_103' title='bbox 557 942 636 977; x_wconf 93' lang='lat' dir='ltr'>quo</span> <span class='ocrx_word' id='word_1_104' title='bbox 671 928 788 966; x_wconf 90' lang='lat' dir='ltr'>etiam</span> <span class='ocrx_word' id='word_1_105' title='bbox 824 929 971 978; x_wconf 79' lang='lat' dir='ltr'>experti</span> <span class='ocrx_word' id='word_1_106' title='bbox 1008 943 1143 967; x_wconf 86' lang='lat' dir='ltr'>sumus</span> <span class='ocrx_word' id='word_1_107' title='bbox 1179 943 1303 979; x_wconf 84' lang='lat' dir='ltr'>nuper</span> <span class='ocrx_word' id='word_1_108' title='bbox 1338 929 1377 966; x_wconf 91' lang='lat' dir='ltr'>in</span> <span class='ocrx_word' id='word_1_109' title='bbox 1411 928 1552 966; x_wconf 88' lang='lat' dir='ltr'>edicto.</span> 
     </span>
     <span class='ocr_line' id='line_1_14' title="bbox 219 993 1553 1043; baseline -0.001 -13"><span class='ocrx_word' id='word_1_110' title='bbox 219 993 455 1042; x_wconf 83' lang='lat' dir='ltr'>Scripseram</span> <span class='ocrx_word' id='word_1_111' title='bbox 495 1001 629 1042; x_wconf 87' lang='lat' dir='ltr'>rogatu</span> <span class='ocrx_word' id='word_1_112' title='bbox 671 1001 749 1031; x_wconf 92' lang='lat' dir='ltr'>tuo.</span> <span class='ocrx_word' id='word_1_113' title='bbox 812 995 949 1031; x_wconf 89' lang='lat' dir='ltr'>Meum</span> <span class='ocrx_word' id='word_1_114' title='bbox 990 993 1085 1031; x_wconf 83' lang='lat' dir='ltr'>mihi</span> <span class='ocrx_word' id='word_1_115' title='bbox 1118 994 1309 1043; x_wconf 84' lang='lat' dir='ltr'>placebat,</span> <span class='ocrx_word' id='word_1_116' title='bbox 1342 993 1395 1030; x_wconf 92' lang='lat' dir='ltr'>illi</span> <span class='ocrx_word' id='word_1_117' title='bbox 1427 1005 1553 1030; x_wconf 90' lang='lat' dir='ltr'>suum.</span> 
     </span>
     <span class='ocr_line' id='line_1_15' title="bbox 219 1057 1553 1108; baseline -0.001 -14"><span class='ocrx_word' id='word_1_118' title='bbox 219 1057 327 1105; x_wconf 84' lang='lat' dir='ltr'>Quin</span> <span class='ocrx_word' id='word_1_119' title='bbox 349 1057 465 1095; x_wconf 86' lang='lat' dir='ltr'>etiam</span> <span class='ocrx_word' id='word_1_120' title='bbox 489 1071 578 1095; x_wconf 88' lang='lat' dir='ltr'>cum</span> <span class='ocrx_word' id='word_1_121' title='bbox 602 1058 723 1107; x_wconf 88' lang='lat' dir='ltr'>ipsius</span> <span class='ocrx_word' id='word_1_122' title='bbox 745 1058 925 1107; x_wconf 83' lang='lat' dir='ltr'>precibus</span> <span class='ocrx_word' id='word_1_123' title='bbox 946 1072 1072 1108; x_wconf 87' lang='lat' dir='ltr'>paene</span> <span class='ocrx_word' id='word_1_124' title='bbox 1096 1060 1292 1096; x_wconf 90' lang='lat' dir='ltr'>adductus</span> <span class='ocrx_word' id='word_1_125' title='bbox 1313 1057 1553 1107; x_wconf 83' lang='lat' dir='ltr'>scripsissem</span> 
     </span>
     <span class='ocr_line' id='line_1_16' title="bbox 217 1122 1613 1172; baseline 0 -13"><span class='ocrx_word' id='word_1_126' title='bbox 217 1123 268 1159; x_wconf 89' lang='lat' dir='ltr'>ad</span> <span class='ocrx_word' id='word_1_127' title='bbox 299 1135 387 1159; x_wconf 87' lang='lat' dir='ltr'>eum</span> <span class='ocrx_word' id='word_1_128' title='bbox 423 1123 494 1160; x_wconf 89' lang='lat' dir='ltr'>‘de</span> <span class='ocrx_word' id='word_1_129' title='bbox 527 1122 678 1172; x_wconf 90' lang='lat' dir='ltr'>optimo</span> <span class='ocrx_word' id='word_1_130' title='bbox 712 1136 853 1172; x_wconf 80' lang='lat' dir='ltr'>genere</span> <span class='ocrx_word' id='word_1_131' title='bbox 883 1123 1067 1169; x_wconf 84' lang='lat' dir='ltr'>dicendi,&#39;</span> <span class='ocrx_word' id='word_1_132' title='bbox 1097 1136 1178 1160; x_wconf 90' lang='lat' dir='ltr'>non</span> <span class='ocrx_word' id='word_1_133' title='bbox 1208 1124 1330 1161; x_wconf 90' lang='lat' dir='ltr'>modo</span> <span class='ocrx_word' id='word_1_134' title='bbox 1360 1122 1455 1159; x_wconf 90' lang='lat' dir='ltr'>mihi</span> <span class='ocrx_word' id='word_1_135' title='bbox 1485 1122 1555 1159; x_wconf 93' lang='lat' dir='ltr'>sed</span> <span class='ocrx_word' id='word_1_136' title='bbox 1579 1139 1613 1169; x_wconf 79' lang='lat'>¹5</span> 
     </span>
     <span class='ocr_line' id='line_1_17' title="bbox 219 1187 1551 1237; baseline 0 -13"><span class='ocrx_word' id='word_1_137' title='bbox 219 1187 335 1224; x_wconf 86' lang='lat' dir='ltr'>etiam</span> <span class='ocrx_word' id='word_1_138' title='bbox 353 1187 422 1225; x_wconf 89' lang='lat' dir='ltr'>tibi</span> <span class='ocrx_word' id='word_1_139' title='bbox 445 1187 597 1237; x_wconf 87' lang='lat' dir='ltr'>scripsit</span> <span class='ocrx_word' id='word_1_140' title='bbox 618 1187 691 1225; x_wconf 89' lang='lat' dir='ltr'>sibi</span> <span class='ocrx_word' id='word_1_141' title='bbox 720 1187 815 1225; x_wconf 91' lang='lat' dir='ltr'>illud</span> <span class='ocrx_word' id='word_1_142' title='bbox 836 1188 944 1237; x_wconf 89' lang='lat' dir='ltr'>quod</span> <span class='ocrx_word' id='word_1_143' title='bbox 972 1187 1068 1225; x_wconf 89' lang='lat' dir='ltr'>mihi</span> <span class='ocrx_word' id='word_1_144' title='bbox 1094 1190 1262 1237; x_wconf 86' lang='lat' dir='ltr'>placeret</span> <span class='ocrx_word' id='word_1_145' title='bbox 1284 1199 1365 1225; x_wconf 89' lang='lat' dir='ltr'>non</span> <span class='ocrx_word' id='word_1_146' title='bbox 1386 1187 1551 1237; x_wconf 90' lang='lat' dir='ltr'>probari.</span> 
     </span>
     <span class='ocr_line' id='line_1_18' title="bbox 221 1252 1184 1303; baseline 0.001 -13"><span class='ocrx_word' id='word_1_147' title='bbox 221 1253 311 1301; x_wconf 85' lang='lat' dir='ltr'>Qua</span> <span class='ocrx_word' id='word_1_148' title='bbox 331 1266 370 1291; x_wconf 91' lang='lat' dir='ltr'>re</span> <span class='ocrx_word' id='word_1_149' title='bbox 392 1252 486 1298; x_wconf 82' lang='lat' dir='ltr'>sine,</span> <span class='ocrx_word' id='word_1_150' title='bbox 509 1266 667 1302; x_wconf 86' lang='lat' dir='ltr'>quaeso,</span> <span class='ocrx_word' id='word_1_151' title='bbox 691 1252 764 1290; x_wconf 83' lang='lat' dir='ltr'>sibi</span> <span class='ocrx_word' id='word_1_152' title='bbox 785 1266 985 1303; x_wconf 89' lang='lat' dir='ltr'>quemque</span> <span class='ocrx_word' id='word_1_153' title='bbox 1006 1252 1184 1300; x_wconf 89' lang='lat' dir='ltr'>scribere,</span> 
     </span>
    </p>

    <p class='ocr_par' dir='ltr' id='par_1_4' title="bbox 215 1317 1614 1695">
     <span class='ocr_line' id='line_1_19' title="bbox 287 1317 1487 1367; baseline -0.001 -12"><span class='ocrx_word' id='word_1_154' title='bbox 287 1321 295 1337; x_wconf 94' lang='lat'>‘</span> <span class='ocrx_word' id='word_1_155' title='bbox 309 1319 427 1356; x_wconf 87' lang='lat' dir='ltr'>Suam</span> <span class='ocrx_word' id='word_1_156' title='bbox 449 1319 622 1367; x_wconf 81' lang='lat' dir='ltr'>quoique</span> <span class='ocrx_word' id='word_1_157' title='bbox 644 1331 840 1367; x_wconf 85' lang='lat' dir='ltr'>sponsam,</span> <span class='ocrx_word' id='word_1_158' title='bbox 865 1317 960 1355; x_wconf 84' lang='lat' dir='ltr'>mihi</span> <span class='ocrx_word' id='word_1_159' title='bbox 982 1332 1110 1356; x_wconf 91' lang='lat' dir='ltr'>meam</span> <span class='ocrx_word' id='word_1_160' title='bbox 1129 1333 1138 1365; x_wconf 79' lang='lat'><em>3</em></span> <span class='ocrx_word' id='word_1_161' title='bbox 1177 1331 1291 1356; x_wconf 90' lang='lat' dir='ltr'>suum</span> <span class='ocrx_word' id='word_1_162' title='bbox 1313 1318 1487 1367; x_wconf 79' lang='lat' dir='ltr'>quoique</span> 
     </span>
     <span class='ocr_line' id='line_1_20' title="bbox 645 1383 1130 1430; baseline 0.004 -10"><span class='ocrx_word' id='word_1_163' title='bbox 645 1397 832 1430; x_wconf 88' lang='lat' dir='ltr'>amorem,</span> <span class='ocrx_word' id='word_1_164' title='bbox 856 1383 951 1421; x_wconf 85' lang='lat' dir='ltr'>mihi</span> <span class='ocrx_word' id='word_1_165' title='bbox 973 1386 1130 1422; x_wconf 88' lang='lat' dir='ltr'>meum.’</span> 
     </span>
     <span class='ocr_line' id='line_1_21' title="bbox 218 1448 1614 1499; baseline -0.002 -11"><span class='ocrx_word' id='word_1_166' title='bbox 218 1451 311 1488; x_wconf 91' lang='lat' dir='ltr'>Non</span> <span class='ocrx_word' id='word_1_167' title='bbox 346 1449 451 1487; x_wconf 91' lang='lat' dir='ltr'>scite.</span> <span class='ocrx_word' id='word_1_168' title='bbox 515 1450 607 1487; x_wconf 92' lang='lat' dir='ltr'>Hoc</span> <span class='ocrx_word' id='word_1_169' title='bbox 646 1449 751 1487; x_wconf 91' lang='lat' dir='ltr'>enim</span> <span class='ocrx_word' id='word_1_170' title='bbox 782 1449 935 1496; x_wconf 79' lang='lat' dir='ltr'>Atilius,</span> <span class='ocrx_word' id='word_1_171' title='bbox 968 1458 1085 1499; x_wconf 91' lang='lat' dir='ltr'>poeta</span> <span class='ocrx_word' id='word_1_172' title='bbox 1118 1448 1360 1487; x_wconf 89' lang='lat' dir='ltr'>durissimus.</span> <span class='ocrx_word' id='word_1_173' title='bbox 1421 1450 1553 1497; x_wconf 89' lang='lat' dir='ltr'>Atque</span> <span class='ocrx_word' id='word_1_174' title='bbox 1576 1464 1614 1485; x_wconf 90' lang='lat'>20</span> 
     </span>
     <span class='ocr_line' id='line_1_22' title="bbox 216 1513 1553 1553; baseline -0.001 -1"><span class='ocrx_word' id='word_1_175' title='bbox 216 1515 366 1553; x_wconf 84' lang='lat' dir='ltr'>utinam</span> <span class='ocrx_word' id='word_1_176' title='bbox 394 1515 507 1553; x_wconf 89' lang='lat' dir='ltr'>liceat</span> <span class='ocrx_word' id='word_1_177' title='bbox 535 1514 597 1552; x_wconf 90' lang='lat' dir='ltr'>isti</span> <span class='ocrx_word' id='word_1_178' title='bbox 625 1514 843 1552; x_wconf 89' lang='lat' dir='ltr'>contionari</span> <span class='ocrx_word' id='word_1_179' title='bbox 865 1518 870 1552; x_wconf 72' lang='grc' dir='ltr'>ἕ</span> <span class='ocrx_word' id='word_1_180' title='bbox 929 1514 1003 1553; x_wconf 92' lang='lat' dir='ltr'>Cui</span> <span class='ocrx_word' id='word_1_181' title='bbox 1025 1514 1055 1552; x_wconf 90' lang='lat' dir='ltr'>si</span> <span class='ocrx_word' id='word_1_182' title='bbox 1077 1528 1162 1552; x_wconf 90' lang='lat' dir='ltr'>esse</span> <span class='ocrx_word' id='word_1_183' title='bbox 1183 1514 1222 1552; x_wconf 88' lang='lat' dir='ltr'>in</span> <span class='ocrx_word' id='word_1_184' title='bbox 1244 1515 1340 1552; x_wconf 90' lang='lat' dir='ltr'>urbe</span> <span class='ocrx_word' id='word_1_185' title='bbox 1360 1521 1446 1551; x_wconf 91' lang='lat' dir='ltr'>tuto</span> <span class='ocrx_word' id='word_1_186' title='bbox 1466 1513 1553 1551; x_wconf 90' lang='lat' dir='ltr'>lice-</span> 
     </span>
     <span class='ocr_line' id='line_1_23' title="bbox 215 1579 1553 1627; baseline -0.001 -9"><span class='ocrx_word' id='word_1_187' title='bbox 215 1581 283 1627; x_wconf 86' lang='lat' dir='ltr'>bit,</span> <span class='ocrx_word' id='word_1_188' title='bbox 324 1580 499 1618; x_wconf 89' lang='lat' dir='ltr'>vicimus.</span> <span class='ocrx_word' id='word_1_189' title='bbox 564 1582 717 1618; x_wconf 91' lang='lat' dir='ltr'>Ducem</span> <span class='ocrx_word' id='word_1_190' title='bbox 757 1580 862 1618; x_wconf 90' lang='lat' dir='ltr'>enim</span> <span class='ocrx_word' id='word_1_191' title='bbox 902 1580 993 1618; x_wconf 87' lang='lat' dir='ltr'>novi</span> <span class='ocrx_word' id='word_1_192' title='bbox 1033 1580 1124 1618; x_wconf 89' lang='lat' dir='ltr'>belli</span> <span class='ocrx_word' id='word_1_193' title='bbox 1167 1579 1289 1617; x_wconf 91' lang='lat' dir='ltr'>civilis</span> <span class='ocrx_word' id='word_1_194' title='bbox 1328 1586 1395 1617; x_wconf 91' lang='lat' dir='ltr'>aut</span> <span class='ocrx_word' id='word_1_195' title='bbox 1434 1591 1553 1616; x_wconf 90' lang='lat' dir='ltr'>nemo</span> 
     </span>
     <span class='ocr_line' id='line_1_24' title="bbox 215 1644 1225 1695; baseline -0.002 -11"><span class='ocrx_word' id='word_1_196' title='bbox 215 1653 399 1695; x_wconf 86' lang='lat' dir='ltr'>sequetur</span> <span class='ocrx_word' id='word_1_197' title='bbox 420 1653 486 1683; x_wconf 89' lang='lat' dir='ltr'>aut</span> <span class='ocrx_word' id='word_1_198' title='bbox 507 1644 532 1682; x_wconf 91' lang='lat' dir='ltr'>ii</span> <span class='ocrx_word' id='word_1_199' title='bbox 555 1652 767 1694; x_wconf 88' lang='lat' dir='ltr'>sequentur</span> <span class='ocrx_word' id='word_1_200' title='bbox 788 1645 854 1693; x_wconf 90' lang='lat' dir='ltr'>qui</span> <span class='ocrx_word' id='word_1_201' title='bbox 877 1644 988 1683; x_wconf 87' lang='lat' dir='ltr'>facile</span> <span class='ocrx_word' id='word_1_202' title='bbox 1010 1644 1225 1682; x_wconf 87' lang='lat' dir='ltr'>vincantur.</span> 
     </span>
    </p>

    <p class='ocr_par' dir='ltr' id='par_1_5' title="bbox 168 1709 1609 2281">
     <span class='ocr_line' id='line_1_25' title="bbox 168 1709 1551 1761; baseline -0.001 -14"><span class='ocrx_word' id='word_1_203' title='bbox 168 1724 194 1761; x_wconf 94' lang='lat'>4</span> <span class='ocrx_word' id='word_1_204' title='bbox 269 1711 398 1749; x_wconf 89' lang='lat' dir='ltr'>Venio</span> <span class='ocrx_word' id='word_1_205' title='bbox 427 1711 477 1748; x_wconf 90' lang='lat' dir='ltr'>ad</span> <span class='ocrx_word' id='word_1_206' title='bbox 508 1710 671 1748; x_wconf 87' lang='lat' dir='ltr'>tertiam.</span> <span class='ocrx_word' id='word_1_207' title='bbox 734 1711 872 1747; x_wconf 86' lang='lat' dir='ltr'>Gratas</span> <span class='ocrx_word' id='word_1_208' title='bbox 902 1709 1020 1748; x_wconf 87' lang='lat' dir='ltr'>fuisse</span> <span class='ocrx_word' id='word_1_209' title='bbox 1051 1723 1158 1748; x_wconf 86' lang='lat' dir='ltr'>meas</span> <span class='ocrx_word' id='word_1_210' title='bbox 1188 1709 1333 1748; x_wconf 87' lang='lat' dir='ltr'>litteras</span> <span class='ocrx_word' id='word_1_211' title='bbox 1364 1710 1485 1746; x_wconf 87' lang='lat' dir='ltr'>Bruto</span> <span class='ocrx_word' id='word_1_212' title='bbox 1513 1715 1551 1746; x_wconf 90' lang='lat' dir='ltr'>et</span> 
     </span>
     <span class='ocr_line' id='line_1_26' title="bbox 215 1774 1609 1826; baseline -0.004 -11"><span class='ocrx_word' id='word_1_213' title='bbox 215 1776 352 1816; x_wconf 84' lang='lat' dir='ltr'>Cassio</span> <span class='ocrx_word' id='word_1_214' title='bbox 383 1777 548 1826; x_wconf 83' lang='lat' dir='ltr'>gaudeo.</span> <span class='ocrx_word' id='word_1_215' title='bbox 610 1777 750 1824; x_wconf 88' lang='lat' dir='ltr'>Itaque</span> <span class='ocrx_word' id='word_1_216' title='bbox 784 1774 829 1812; x_wconf 86' lang='lat' dir='ltr'>iis</span> <span class='ocrx_word' id='word_1_217' title='bbox 866 1775 1053 1825; x_wconf 81' lang='lat' dir='ltr'>rescripsi.</span> <span class='ocrx_word' id='word_1_218' title='bbox 1115 1776 1237 1823; x_wconf 89' lang='lat' dir='ltr'>Quod</span> <span class='ocrx_word' id='word_1_219' title='bbox 1273 1774 1448 1812; x_wconf 87' lang='lat' dir='ltr'>Hirtium</span> <span class='ocrx_word' id='word_1_220' title='bbox 1482 1787 1551 1823; x_wconf 88' lang='lat' dir='ltr'>per</span> <span class='ocrx_word' id='word_1_221' title='bbox 1573 1790 1609 1822; x_wconf 77' lang='lat'>25</span> 
     </span>
     <span class='ocr_line' id='line_1_27' title="bbox 215 1838 1550 1890; baseline -0.003 -10"><span class='ocrx_word' id='word_1_222' title='bbox 215 1856 276 1881; x_wconf 87' lang='lat' dir='ltr'>me</span> <span class='ocrx_word' id='word_1_223' title='bbox 298 1841 498 1880; x_wconf 88' lang='lat' dir='ltr'>meliorem</span> <span class='ocrx_word' id='word_1_224' title='bbox 521 1840 601 1878; x_wconf 85' lang='lat' dir='ltr'>fieri</span> <span class='ocrx_word' id='word_1_225' title='bbox 623 1842 769 1885; x_wconf 88' lang='lat' dir='ltr'>volunt,</span> <span class='ocrx_word' id='word_1_226' title='bbox 795 1841 848 1878; x_wconf 92' lang='lat' dir='ltr'>do</span> <span class='ocrx_word' id='word_1_227' title='bbox 870 1840 1055 1890; x_wconf 88' lang='lat' dir='ltr'>equidem</span> <span class='ocrx_word' id='word_1_228' title='bbox 1077 1854 1237 1890; x_wconf 87' lang='lat' dir='ltr'>operam</span> <span class='ocrx_word' id='word_1_229' title='bbox 1259 1847 1297 1877; x_wconf 85' lang='lat' dir='ltr'>et</span> <span class='ocrx_word' id='word_1_230' title='bbox 1318 1839 1380 1877; x_wconf 93' lang='lat' dir='ltr'>ille</span> <span class='ocrx_word' id='word_1_231' title='bbox 1401 1838 1550 1888; x_wconf 89' lang='lat' dir='ltr'>optime</span> 
     </span>
     <span class='ocr_line' id='line_1_28' title="bbox 213 1903 1549 1957; baseline -0.003 -12"><span class='ocrx_word' id='word_1_232' title='bbox 213 1907 384 1957; x_wconf 88' lang='lat' dir='ltr'>loquitur</span> <span class='ocrx_word' id='word_1_233' title='bbox 418 1907 487 1945; x_wconf 90' lang='lat' dir='ltr'>sed</span> <span class='ocrx_word' id='word_1_234' title='bbox 522 1905 614 1943; x_wconf 89' lang='lat' dir='ltr'>vivit</span> <span class='ocrx_word' id='word_1_235' title='bbox 654 1904 883 1954; x_wconf 80' lang='lat' dir='ltr'>habitatque</span> <span class='ocrx_word' id='word_1_236' title='bbox 919 1919 1009 1943; x_wconf 91' lang='lat' dir='ltr'>cum</span> <span class='ocrx_word' id='word_1_237' title='bbox 1051 1906 1178 1943; x_wconf 86' lang='lat' dir='ltr'>Balbo</span> <span class='ocrx_word' id='word_1_238' title='bbox 1216 1904 1283 1954; x_wconf 92' lang='lat' dir='ltr'>qui</span> <span class='ocrx_word' id='word_1_239' title='bbox 1315 1903 1408 1941; x_wconf 92' lang='lat' dir='ltr'>item</span> <span class='ocrx_word' id='word_1_240' title='bbox 1448 1903 1549 1941; x_wconf 91' lang='lat' dir='ltr'>bene</span> 
     </span>
     <span class='ocr_line' id='line_1_29' title="bbox 213 1969 1549 2022; baseline -0.003 -12"><span class='ocrx_word' id='word_1_241' title='bbox 213 1972 393 2022; x_wconf 87' lang='lat' dir='ltr'>loquitur.</span> <span class='ocrx_word' id='word_1_242' title='bbox 455 1971 563 2020; x_wconf 85' lang='lat' dir='ltr'>Quid</span> <span class='ocrx_word' id='word_1_243' title='bbox 593 1971 728 2008; x_wconf 86' lang='lat' dir='ltr'>credas</span> <span class='ocrx_word' id='word_1_244' title='bbox 759 1969 911 2008; x_wconf 89' lang='lat' dir='ltr'>videris.</span> <span class='ocrx_word' id='word_1_245' title='bbox 975 1971 1224 2008; x_wconf 87' lang='lat' dir='ltr'>Dolabellam</span> <span class='ocrx_word' id='word_1_246' title='bbox 1254 1970 1366 2006; x_wconf 87' lang='lat' dir='ltr'>valde</span> <span class='ocrx_word' id='word_1_247' title='bbox 1396 1969 1549 2018; x_wconf 90' lang='lat' dir='ltr'>placere</span> 
     </span>
     <span class='ocr_line' id='line_1_30' title="bbox 212 2032 1548 2085; baseline -0.005 -9"><span class='ocrx_word' id='word_1_248' title='bbox 212 2038 283 2076; x_wconf 90' lang='lat' dir='ltr'>tibi</span> <span class='ocrx_word' id='word_1_249' title='bbox 303 2037 443 2079; x_wconf 72' lang='lat' dir='ltr'>vide02</span> <span class='ocrx_word' id='word_1_250' title='bbox 473 2036 568 2074; x_wconf 85' lang='lat' dir='ltr'>mihi</span> <span class='ocrx_word' id='word_1_251' title='bbox 594 2035 756 2085; x_wconf 90' lang='lat' dir='ltr'>quidem</span> <span class='ocrx_word' id='word_1_252' title='bbox 783 2035 944 2085; x_wconf 82' lang='lat' dir='ltr'>egregie.</span> <span class='ocrx_word' id='word_1_253' title='bbox 1006 2037 1108 2074; x_wconf 85' lang='lat' dir='ltr'>Cum</span> <span class='ocrx_word' id='word_1_254' title='bbox 1132 2037 1258 2072; x_wconf 87' lang='lat' dir='ltr'>Pansa</span> <span class='ocrx_word' id='word_1_255' title='bbox 1277 2033 1353 2071; x_wconf 85' lang='lat' dir='ltr'>vixi</span> <span class='ocrx_word' id='word_1_256' title='bbox 1374 2032 1413 2070; x_wconf 93' lang='lat' dir='ltr'>in</span> <span class='ocrx_word' id='word_1_257' title='bbox 1436 2034 1548 2070; x_wconf 89' lang='lat' dir='ltr'>Pom-</span> 
     </span>
     <span class='ocr_line' id='line_1_31' title="bbox 213 2098 1608 2153; baseline -0.004 -13"><span class='ocrx_word' id='word_1_258' title='bbox 213 2102 365 2153; x_wconf 91' lang='lat' dir='ltr'>peiano.</span> <span class='ocrx_word' id='word_1_259' title='bbox 427 2104 465 2140; x_wconf 89' lang='lat' dir='ltr'>Is</span> <span class='ocrx_word' id='word_1_260' title='bbox 491 2104 606 2151; x_wconf 88' lang='lat' dir='ltr'>plane</span> <span class='ocrx_word' id='word_1_261' title='bbox 634 2100 730 2138; x_wconf 90' lang='lat' dir='ltr'>mihi</span> <span class='ocrx_word' id='word_1_262' title='bbox 757 2101 949 2150; x_wconf 88' lang='lat' dir='ltr'>probabat</span> <span class='ocrx_word' id='word_1_263' title='bbox 976 2114 1017 2138; x_wconf 89' lang='lat' dir='ltr'>se</span> <span class='ocrx_word' id='word_1_264' title='bbox 1046 2101 1148 2138; x_wconf 90' lang='lat' dir='ltr'>bene</span> <span class='ocrx_word' id='word_1_265' title='bbox 1178 2098 1319 2137; x_wconf 88' lang='lat' dir='ltr'>sentire</span> <span class='ocrx_word' id='word_1_266' title='bbox 1343 2105 1380 2136; x_wconf 92' lang='lat' dir='ltr'>et</span> <span class='ocrx_word' id='word_1_267' title='bbox 1404 2111 1548 2147; x_wconf 89' lang='lat' dir='ltr'>cupere</span> <span class='ocrx_word' id='word_1_268' title='bbox 1567 2112 1608 2141; x_wconf 78' lang='lat'>30</span> 
     </span>
     <span class='ocr_line' id='line_1_32' title="bbox 214 2162 1545 2218; baseline -0.005 -12"><span class='ocrx_word' id='word_1_269' title='bbox 214 2182 364 2218; x_wconf 87' lang='lat' dir='ltr'>pacem.</span> <span class='ocrx_word' id='word_1_270' title='bbox 424 2168 595 2206; x_wconf 87' lang='lat' dir='ltr'>Causam</span> <span class='ocrx_word' id='word_1_271' title='bbox 629 2179 827 2204; x_wconf 88' lang='lat' dir='ltr'>armorum</span> <span class='ocrx_word' id='word_1_272' title='bbox 862 2165 996 2215; x_wconf 86' lang='lat' dir='ltr'>quaeri</span> <span class='ocrx_word' id='word_1_273' title='bbox 1028 2167 1144 2215; x_wconf 89' lang='lat' dir='ltr'>plane</span> <span class='ocrx_word' id='word_1_274' title='bbox 1172 2163 1299 2202; x_wconf 88' lang='lat' dir='ltr'>video.</span> <span class='ocrx_word' id='word_1_275' title='bbox 1360 2162 1545 2200; x_wconf 89' lang='lat' dir='ltr'>Edictum</span> 
     </span>
     <span class='ocr_line' id='line_1_33' title="bbox 216 2227 1545 2281; baseline -0.005 -11"><span class='ocrx_word' id='word_1_276' title='bbox 216 2232 325 2270; x_wconf 89' lang='lat' dir='ltr'>Bruti</span> <span class='ocrx_word' id='word_1_277' title='bbox 346 2240 383 2270; x_wconf 88' lang='lat' dir='ltr'>et</span> <span class='ocrx_word' id='word_1_278' title='bbox 405 2231 515 2271; x_wconf 90' lang='lat' dir='ltr'>Cassi</span> <span class='ocrx_word' id='word_1_279' title='bbox 536 2232 672 2281; x_wconf 89' lang='lat' dir='ltr'>probo.</span> <span class='ocrx_word' id='word_1_280' title='bbox 734 2231 854 2279; x_wconf 83' lang='lat' dir='ltr'>Quod</span> <span class='ocrx_word' id='word_1_281' title='bbox 875 2231 931 2268; x_wconf 91' lang='lat' dir='ltr'>vis</span> <span class='ocrx_word' id='word_1_282' title='bbox 961 2238 1003 2268; x_wconf 88' lang='lat' dir='ltr'>ut</span> <span class='ocrx_word' id='word_1_283' title='bbox 1031 2229 1241 2279; x_wconf 88' lang='lat' dir='ltr'>suscipiam</span> <span class='ocrx_word' id='word_1_284' title='bbox 1268 2227 1545 2276; x_wconf 85' lang='lat' dir='ltr'>cogitationem</span> 
     </span>
    </p>
   </div>
   <div class='ocr_carea' id='block_1_3' title="bbox 212 2329 1545 2464">
    <p class='ocr_par' dir='ltr' id='par_1_6' title="bbox 212 2329 1545 2464">
     <span class='ocr_line' id='line_1_34' title="bbox 261 2329 1541 2377; baseline -0.005 -10"><span class='ocrx_word' id='word_1_285' title='bbox 261 2349 273 2369; x_wconf 95' lang='lat'>1</span> <span class='ocrx_word' id='word_1_286' title='bbox 303 2336 370 2377; x_wconf 65' lang='lat' dir='ltr'>illo]</span> <span class='ocrx_word' id='word_1_287' title='bbox 390 2336 459 2366; x_wconf 84' lang='lat' dir='ltr'>filio</span> <span class='ocrx_word' id='word_1_288' title='bbox 475 2335 597 2365; x_wconf 75' lang='lat' dir='ltr'>Mz‘iller</span> <span class='ocrx_word' id='word_1_289' title='bbox 725 2344 744 2373; x_wconf 88' lang='lat'><strong>3</strong></span> <span class='ocrx_word' id='word_1_290' title='bbox 770 2334 810 2363; x_wconf 85' lang='lat' dir='ltr'>de</span> <span class='ocrx_word' id='word_1_291' title='bbox 828 2337 901 2363; x_wconf 79' lang='lat' dir='ltr'>ante</span> <span class='ocrx_word' id='word_1_292' title='bbox 921 2334 1088 2363; x_wconf 86' lang='lat' dir='ltr'>Buthroto</span> <span class='ocrx_word' id='word_1_293' title='bbox 1105 2332 1180 2363; x_wconf 80' lang='lat' dir='ltr'>add.</span> <span class='ocrx_word' id='word_1_294' title='bbox 1202 2331 1287 2361; x_wconf 85' lang='lat' dir='ltr'>Boot</span> <span class='ocrx_word' id='word_1_295' title='bbox 1385 2340 1404 2369; x_wconf 86' lang='lat'><strong>5</strong></span> <span class='ocrx_word' id='word_1_296' title='bbox 1430 2342 1447 2360; x_wconf 91' lang='lat' dir='ltr'>e</span> <span class='ocrx_word' id='word_1_297' title='bbox 1464 2329 1541 2360; x_wconf 82' lang='lat' dir='ltr'>add.</span> 
     </span>
     <span class='ocr_line' id='line_1_35' title="bbox 212 2373 1545 2422; baseline -0.008 -10"><span class='ocrx_word' id='word_1_298' title='bbox 212 2383 299 2422; x_wconf 79' lang='lat' dir='ltr'>vulg.</span> <span class='ocrx_word' id='word_1_299' title='bbox 319 2393 324 2410; x_wconf 86' lang='lat'>:</span> <span class='ocrx_word' id='word_1_300' title='bbox 352 2382 383 2409; x_wconf 89' lang='lat' dir='ltr'>in</span> <span class='ocrx_word' id='word_1_301' title='bbox 409 2391 436 2410; x_wconf 71' lang='lat' dir='ltr'>v.</span> <span class='ocrx_word' id='word_1_302' title='bbox 457 2390 479 2409; x_wconf 82' lang='lat' dir='ltr'>c.</span> <span class='ocrx_word' id='word_1_303' title='bbox 498 2390 505 2408; x_wconf 78' lang='lat' dir='ltr'>t</span> <span class='ocrx_word' id='word_1_304' title='bbox 529 2389 594 2408; x_wconf 73' lang='lat'><em>0111.</em></span> <span class='ocrx_word' id='word_1_305' title='bbox 615 2377 704 2407; x_wconf 79' lang='lat' dir='ltr'><em>codd.</em></span> <span class='ocrx_word' id='word_1_306' title='bbox 902 2379 940 2408; x_wconf 89' lang='lat'>18</span> <span class='ocrx_word' id='word_1_307' title='bbox 963 2377 1083 2415; x_wconf 88' lang='lat' dir='ltr'>cuique</span> <span class='ocrx_word' id='word_1_308' title='bbox 1105 2375 1193 2415; x_wconf 80' lang='lat' dir='ltr'>vulg.</span> <span class='ocrx_word' id='word_1_309' title='bbox 1211 2386 1218 2405; x_wconf 72' lang='grc' dir='ltr'>ε</span> <span class='ocrx_word' id='word_1_310' title='bbox 1243 2384 1377 2413; x_wconf 85' lang='lat' dir='ltr'>quoque</span> <span class='ocrx_word' id='word_1_311' title='bbox 1398 2374 1471 2414; x_wconf 47' lang='lat' dir='ltr'>ibis)</span> <span class='ocrx_word' id='word_1_312' title='bbox 1492 2373 1545 2403; x_wconf 58' lang='lat' dir='ltr'>Ml</span> 
     </span>
     <span class='ocr_line' id='line_1_36' title="bbox 212 2417 1426 2464; baseline -0.007 -9"><span class='ocrx_word' id='word_1_313' title='bbox 212 2436 253 2464; x_wconf 84' lang='lat'>32</span> <span class='ocrx_word' id='word_1_314' title='bbox 279 2425 377 2463; x_wconf 85' lang='lat' dir='ltr'>Quod</span> <span class='ocrx_word' id='word_1_315' title='bbox 396 2424 446 2453; x_wconf 66' lang='lat' dir='ltr'>vis</span> <span class='ocrx_word' id='word_1_316' title='bbox 465 2421 623 2461; x_wconf 68' lang='lat' dir='ltr'>llladmgz</span> <span class='ocrx_word' id='word_1_317' title='bbox 648 2420 783 2460; x_wconf 83' lang='lat' dir='ltr'>quaeris</span> <span class='ocrx_word' id='word_1_318' title='bbox 801 2419 888 2450; x_wconf 77' lang='lat' dir='ltr'>codd.</span> <span class='ocrx_word' id='word_1_319' title='bbox 909 2431 915 2450; x_wconf 91' lang='lat'>:</span> <span class='ocrx_word' id='word_1_320' title='bbox 940 2421 1030 2459; x_wconf 87' lang='lat' dir='ltr'>quod</span> <span class='ocrx_word' id='word_1_321' title='bbox 1048 2419 1195 2449; x_wconf 82' lang='lat' dir='ltr'>hortaris</span> <span class='ocrx_word' id='word_1_322' title='bbox 1211 2419 1289 2449; x_wconf 72' lang='lat' dir='ltr'>coni.</span> <span class='ocrx_word' id='word_1_323' title='bbox 1309 2417 1426 2447; x_wconf 78' lang='lat' dir='ltr'>Lamb.</span> 
     </span>
    </p>
   </div>
  </div>
 </body>
</html>
