1742 2651
104 95 212 131 XIV.
237 95 362 131 xviia
627 95 680 131 M.
714 95 882 131 TVLLI
915 95 1220 133 CICERONIS

254 205 413 254 quidem
446 205 514 243 tibi
546 205 622 243 iam
653 204 769 242 tantis
800 205 916 243 rebus
947 205 1065 254 gestis
1094 219 1173 243 non
1204 205 1259 243 tui
1291 205 1456 244 similem
1487 219 1581 244 esse.

255 270 375 318 Quod
401 283 490 307 cum
520 269 571 307 ita
598 269 655 315 sit,
680 269 849 306 hortatio
880 282 960 306 non
990 276 1048 306 est
1078 269 1305 316 necessaria,
1327 269 1584 319 gratulatione

255 334 375 384 magis
396 335 588 372 utendum
610 341 677 372 est.
739 333 914 383 Contigit
942 333 1047 371 enim
1073 333 1154 380 tibi,
1177 335 1285 383 quod
1306 335 1412 372 haud
1434 333 1515 372 scio
1534 348 1583 371 an

255 398 415 441 nemini,
436 406 478 436 ut
498 412 652 435 summa
673 398 854 436 severitas
881 398 1231 436 animadversionis
1258 412 1339 437 non
1360 400 1482 437 modo
1503 412 1582 437 non

254 462 446 501 invidiosa
472 463 542 500 sed
567 463 683 500 etiam
714 462 911 512 popularis
942 469 1043 500 esset
1072 471 1110 501 et
1138 476 1228 501 cum
1256 463 1370 501 bonis
1398 462 1582 501 omnibus
1601 476 1618 508 5

254 535 335 565 tum
359 527 494 565 infimo
515 527 658 576 cuique
678 527 905 577 gratissima.
968 529 1060 565 Hoc
1087 527 1118 565 si
1145 527 1215 566 tibi
1236 529 1391 566 fortuna
1411 528 1582 577 quadam

253 592 490 641 contigisset,
521 594 731 641 gratularer
764 592 937 630 felicitati
973 600 1072 638 tuae,
1105 593 1174 630 sed
1204 592 1366 642 contigit
1397 591 1584 642 magnitu-

253 656 345 695 dine
378 671 499 706 quom
530 656 652 695 animi
686 665 768 695 tum
808 657 925 695 etiam
962 657 1092 707 ingeni
1130 665 1247 707 atque
1282 657 1430 695 consili.
1491 656 1584 706 Legi

253 721 358 759 enim
394 721 621 759 contionem
657 729 774 759 tuam.
836 721 945 759 Nihil
984 721 1049 759 illa
1087 721 1310 771 sapientius.
1371 723 1431 759 Ita
1470 722 1585 771 pede-

254 786 432 836 temptim
463 793 501 824 et
534 785 725 836 gradatim
758 794 840 823 tum
875 799 1055 824 accessus
1085 800 1107 824 a
1137 794 1173 824 te
1204 787 1255 824 ad
1288 800 1445 824 causam
1481 784 1581 831 facti,
1609 802 1645 823 10

254 859 336 889 tum
368 865 553 898 recessus,
583 858 624 888 ut
654 864 713 888 res
743 851 826 900 ipsa
857 851 1118 889 maturitatem
1149 851 1218 889 tibi
1247 850 1584 889 animadvertendi

209 921 232 957 8
254 916 431 954 omnium
453 929 643 954 concessu
665 917 784 954 daret.
846 916 1036 954 Liberasti
1057 916 1170 966 igitur
1197 923 1234 954 et
1255 917 1390 954 urbem
1412 915 1585 966 periculo

253 989 290 1019 et
318 981 513 1019 civitatem
543 988 649 1018 metu
680 994 809 1030 neque
834 982 960 1018 solum
988 982 1038 1019 ad
1069 988 1223 1030 tempus
1253 981 1460 1018 maximam
1488 980 1585 1018 utili-

253 1054 371 1084 tatem
397 1046 559 1084 attulisti
586 1047 655 1083 sed
686 1046 801 1084 etiam
830 1047 880 1084 ad
908 1048 1142 1096 exemplum.
1203 1048 1296 1095 Quo
1316 1048 1419 1084 facto
1440 1045 1586 1084 intelle-

252 1126 341 1162 gere
371 1112 493 1150 debes
524 1112 562 1148 in
594 1119 631 1149 te
662 1111 828 1161 positam
860 1125 944 1150 esse
976 1126 1056 1150 rem
1092 1112 1292 1162 publicam
1323 1111 1471 1160 tibique
1504 1125 1583 1149 non
1608 1126 1642 1157 15

254 1179 374 1215 modo
413 1178 582 1214 tuendos
621 1178 690 1214 sed
722 1177 839 1214 etiam
879 1178 1077 1215 ornandos
1118 1177 1202 1215 illos
1241 1177 1342 1214 viros
1380 1190 1403 1214 a
1440 1176 1584 1226 quibus

252 1243 406 1280 initium
437 1242 625 1281 libertatis
656 1244 875 1292 profectum
906 1250 973 1281 est.
1034 1244 1111 1282 Sed
1142 1243 1201 1280 his
1231 1244 1280 1280 de
1309 1242 1425 1280 rebus
1452 1255 1583 1279 coram

253 1310 362 1358 plura
393 1322 513 1358 prope
544 1308 661 1353 diem,
692 1316 733 1346 ut
768 1321 892 1357 spero.
953 1310 1015 1346 Tu
1046 1307 1234 1357 quoniam
1269 1321 1349 1346 rem
1384 1306 1583 1356 publicam

251 1386 403 1422 nosque
433 1387 650 1419 conservas,
676 1374 734 1410 fac.
763 1381 803 1410 ut
829 1373 1126 1422 diligentissime
1157 1381 1194 1411 te
1224 1372 1362 1421 ipsum,
1394 1371 1446 1408 mi
1469 1373 1585 1409 Dola-

252 1438 364 1482 bella,
388 1438 596 1475 custodias.
1606 1450 1645 1471 20

296 1583 456 1618 XVIII
517 1586 585 1617 Scr.
605 1588 637 1617 ιἰι
658 1587 859 1627 Pompeiano
876 1588 922 1618 :11'1'
936 1587 986 1619 Id.
1007 1588 1087 1619 Mai.
1110 1599 1139 1619 a.
1161 1599 1217 1627 710
1236 1588 1322 1629 (44)

658 1676 833 1706 CICERO
866 1676 1039 1707 ATTICO
1072 1676 1175 1707 SAL.

215 1775 231 1802 1
305 1764 467 1813 Saepius
508 1778 570 1802 me
610 1764 685 1802 iam
726 1765 846 1814 agitas
886 1767 994 1815 quod
1038 1781 1118 1804 rem
1163 1775 1311 1816 gestam
1354 1765 1583 1802 Dolabellae

252 1828 366 1865 nimis
402 1828 440 1865 in
476 1831 628 1867 caelum
663 1830 795 1867 videar
829 1832 973 1869 efferre.
1045 1834 1129 1881 Ego
1162 1840 1305 1877 autem,
1342 1844 1582 1880 quamquam

252 1907 344 1931 sane
366 1894 491 1942 probo
508 1895 664 1941 factum,
682 1903 814 1933 tamen
837 1904 877 1933 ut
899 1904 1008 1934 tanto
1029 1911 1146 1946 opere
1168 1898 1366 1934 laudarem
1387 1897 1582 1933 adductus
1606 1908 1642 1939 25

251 1971 336 1995 sum
373 1958 448 1995 tuis
487 1967 523 1996 et
564 1959 651 1996 unis
690 1968 727 1997 et
765 1960 894 1998 alteris
929 1961 1074 2000 litteris.
1146 1963 1222 2000 Sed
1254 1969 1378 1999 totum
1415 1974 1456 1997 se
1488 1974 1512 1997 a
1546 1968 1583 1997 te

250 2023 483 2060 abalienavit
528 2025 733 2062 Dolabella
773 2040 817 2063 ea
856 2028 906 2064 de
946 2041 1061 2064 causa
1101 2042 1179 2076 qua
1218 2040 1280 2064 mc
1311 2039 1470 2075 quoque
1508 2024 1583 2062 sibi

252 2087 564 2126 inimicissimum
597 2090 777 2127 reddidit.
838 2092 873 2129 O
905 2093 1106 2130 hominem
1138 2092 1432 2141 impudentem!
1493 2092 1580 2127 Kal.

253 2154 334 2190 Ian.
359 2154 509 2193 debuit.
540 2155 670 2192 adbuc
701 2169 779 2192 non
811 2157 934 2203 solvit,
965 2157 1190 2207 praesertim
1220 2169 1309 2194 cum
1340 2169 1381 2193 se
1411 2155 1583 2192 maximo

295 2259 315 2287 8
348 2258 466 2297 quom]
486 2259 750 2298 cuins<praelcr
770 2260 821 2290 H¹
849 2263 910 2301 qni
927 2263 1065 2303 omittit)
1083 2261 1238 2293 EORM2
1255 2273 1261 2291 2
1285 2271 1384 2299 quain
1402 2258 1455 2288 M¹
1472 2271 1478 2290 :
1502 2270 1583 2299 qua-

251 2301 326 2331 dam
353 2300 446 2332 M²²s:
475 2302 617 2340 quadam
636 2313 709 2332 cum
726 2303 799 2334 Ber.
817 2303 993 2336 Lehmann
1163 2317 1201 2336 10
1225 2310 1257 2335 et
1275 2304 1438 2343 gradatim
1448 2304 1487 2342 s:
1512 2314 1577 2332 om.

250 2344 339 2374 codd.
491 2347 532 2374 26
557 2349 590 2374 te
608 2356 627 2375 a
643 2356 680 2376 se
696 2346 829 2378 Ernesti
971 2360 1010 2388 27
1037 2351 1153 2380 cadem
1172 2359 1270 2379 Causa
1289 2347 1402 2377 Baiter
1541 2347 1582 2375 28

252 2388 478 2426 impudentem
498 2392 521 2419 Σ
538 2399 565 2418 v.
583 2400 604 2418 c.
626 2389 654 2418 L
678 2391 818 2430 (marg.)
837 2404 843 2422 :
869 2394 1052 2431 pudentem
1078 2399 1104 2422 Δ
