1742 2651
95 489 111 519 5

74 815 113 837 10

546 109 658 146 EPP.
690 109 768 145 AD
799 108 1060 146 ATTICVM
1371 105 1515 144 XVI.i

134 216 297 254 adfatim
324 230 491 268 prorsus,
514 220 584 257 sed
605 220 813 257 Xenonem
845 218 1051 268 perexigue
1082 224 1119 255 et
1145 218 1336 269 γλίσχρως
1364 229 1469 266 prae-

134 282 226 319 bere
258 279 314 334 [id
344 291 401 320 est
432 282 684 336 minutatim]
746 285 866 332 Quod
896 285 983 333 plus
1013 282 1243 332 permutasti
1270 295 1389 331 quam
1419 282 1471 319 ad

134 347 303 384 fructum
335 347 560 395 insularum,
597 348 636 386 id
669 348 732 387 ille
765 362 892 386 annus
925 348 1067 386 habeat
1099 347 1138 385 in
1169 361 1287 397 quem
1323 346 1470 384 itineris

133 420 312 461 sumptus
342 413 516 450 accessit.
578 413 687 451 Hinc
714 427 760 451 ex
782 415 869 451 Kal.
894 415 986 463 Apr.
1009 415 1060 451 ad
1082 414 1152 451 HS
1175 424 1290 449 Lxxx
1317 425 1471 449 accom-

133 477 325 514 modetur.
386 479 504 515 Nunc
525 478 630 516 enim
652 478 802 516 insulae
823 486 985 516 tantum.
1032 477 1263 515 Videndum
1284 476 1390 515 enim
1412 484 1470 514 est

131 541 238 590 quid,
262 556 352 580 cum
376 545 529 581 Romae
550 543 630 581 erit.
686 545 779 581 Non
801 543 906 582 enim
928 550 1024 593 puto
1045 556 1201 581 socrum
1222 542 1326 580 illam
1350 543 1471 580 feren-

131 607 234 644 dam.
296 607 466 645 Pindaro
487 609 537 646 de
554 609 737 647 Cumano
758 622 951 658 negaram.
1006 609 1123 646 Nunc
1145 607 1256 645 cuius
1278 607 1331 645 rei
1352 620 1470 645 causa
1489 609 1515 646 6

131 671 376 709 tabellarium
394 672 564 710 miserim
580 673 725 722 accipe.
772 673 945 722 Quintus
963 673 1063 710 filius
1084 672 1180 710 mihi
1202 672 1407 722 pollicetur
1428 686 1469 710 se

132 737 338 775 Catonem.
400 737 488 787 Egit
514 746 646 776 autem
671 746 709 776 et
736 746 845 788 pater
872 746 909 776 et
941 738 1040 776 filius
1062 745 1103 775 ut
1130 737 1201 775 tibi
1231 738 1467 787 sponderem

132 802 201 838 sed
233 801 285 838 ita
318 809 358 838 ut
393 810 475 839 tum
509 804 686 841 crederes
725 816 815 840 curn
851 802 934 852 ipse
968 816 1190 852 cognosses.
1252 802 1360 840 Huic
1394 815 1468 851 ego

130 865 276 903 litteras
307 866 427 916 ipsius
456 867 642 905 arbitratu
673 869 788 906 dabo.
850 870 931 906 Eae
965 876 1003 906 te
1034 882 1084 906 ne
1116 867 1318 905 moverint.
1381 869 1466 905 Has

130 931 264 981 scripsi
287 931 325 969 in
354 946 439 970 eam
468 941 616 982 partem
642 946 691 971 ne
717 947 779 971 me
804 942 955 970 motum
984 942 1148 983 putares.
1211 933 1262 970 Di
1284 932 1403 970 faxint
1425 940 1466 971 ut

130 996 244 1035 saciat
269 1011 314 1035 ea
335 1012 436 1047 quae
462 998 680 1047 promittit!
738 1000 963 1037 Commune
993 998 1098 1036 enim
1128 998 1326 1048 gaudium.
1387 998 1466 1036 Sed

129 1062 354 1111 ego—nihil
385 1062 476 1101 dico
505 1063 683 1112 amplius.
746 1065 784 1101 Is
812 1063 904 1101 hinc
932 1076 988 1100 V11
1016 1065 1121 1101 Idus.
1182 1063 1248 1100 Ait
1279 1062 1383 1100 enim
1413 1070 1465 1100 at-

129 1127 383 1165 tributionem
412 1128 450 1165 in
481 1129 587 1175 Idus,
610 1142 651 1166 se
679 1136 811 1166 autem
842 1128 965 1178 urgeri
995 1127 1141 1165 acriter.
1201 1129 1264 1164 Tu
1292 1141 1338 1165 ex
1368 1126 1465 1164 meis

128 1192 263 1230 litteris
302 1206 382 1242 quo
422 1194 543 1231 modo
582 1194 820 1243 respondeas
866 1193 1131 1230 moderabere.
1206 1194 1331 1239 Plura,
1372 1205 1463 1229 cum

128 1265 165 1294 et
194 1259 358 1294 Brutum
389 1257 523 1296 videro
553 1266 590 1296 et
622 1260 781 1296 Erotem
813 1258 1018 1295 remittam.
1079 1257 1233 1295 Atticae
1263 1270 1374 1295 meae
1403 1271 1463 1295 ex-

127 1322 370 1360 cusationem
403 1323 555 1372 accipio
585 1336 752 1373 eamque
781 1336 872 1361 amo
902 1322 1139 1373 plurimum3
1177 1321 1239 1360 cui
1273 1329 1310 1360 et
1342 1321 1462 1361 Piliae

127 1388 302 1425 salutem.

172 1495 220 1529 II
396 1498 465 1530 Ser.
487 1499 519 1529 in
538 1498 719 1529 Puleolano
735 1498 816 1530 vld.
838 1498 950 1538 Quint.
972 1509 1002 1529 a.
1027 1509 1084 1537 710
1104 1499 1190 1539 (44).

538 1577 712 1608 CICERO
734 1576 916 1607 ATTICO
939 1575 1046 1607 SAL.

181 1660 219 1686 VI
255 1650 351 1687 Idus
383 1650 481 1687 duas
515 1649 701 1698 epistulas
734 1648 880 1698 accepi,
914 1662 1032 1686 unam
1067 1662 1089 1685 a
1124 1661 1213 1686 meo
1245 1647 1457 1695 tabellario,

124 1715 284 1752 alteram
307 1729 329 1751 α
352 1714 471 1752 Bruti.
534 1716 595 1751 De
618 1714 831 1752 Buthrotiis
853 1715 969 1762 longe
994 1713 1070 1750 alia
1096 1714 1199 1750 sama
1223 1713 1262 1750 in
1283 1713 1342 1751 his
1364 1713 1459 1751 locis

124 1779 258 1825 fuerat,
282 1781 351 1817 sed
379 1793 469 1817 cum
495 1778 580 1816 aliis
605 1778 736 1816 multis
763 1780 839 1816 hoc
866 1780 1082 1816 ferendum.
1144 1780 1304 1816 Erotem
1329 1779 1459 1817 remisi

124 1844 238 1882 citius
268 1858 387 1894 quam
417 1844 707 1890 constitueram,
735 1851 777 1881 ut
806 1852 907 1881 esset
937 1843 1004 1892 qui
1031 1843 1246 1881 Hortensio
1277 1852 1315 1881 et
1344 1843 1460 1893 mnia

124 1913 170 1949 ei*
201 1909 345 1959 quibus
377 1909 537 1959 quidem
571 1909 625 1946 ait
656 1922 697 1946 se
728 1909 866 1946 Idibus
900 1908 1160 1946 constituisse.
1222 1909 1458 1946 Hortensius

123 1988 214 2012 vero
235 1974 494 2024 impudenter.
555 1973 663 2011 Nihil
690 1973 795 2011 enim
820 1973 987 2011 debetur
1016 1973 1049 2010 ei
1075 1973 1148 2010 nisi
1170 1986 1215 2010 ex
1236 1973 1347 2011 tertia
1367 1987 1457 2023 pen-

123 2040 234 2078 sione
248 2054 348 2090 quae
365 2048 422 2078 est
438 2041 525 2077 Kal.
543 2041 664 2085 Sext.;
700 2052 745 2076 ex
759 2051 837 2087 qua
850 2037 1041 2087 pensione
1057 2037 1140 2088 ipsa
1158 2038 1280 2075 maior
1296 2052 1382 2088 pars
1399 2046 1457 2076 est

123 2104 158 2142 ei
179 2107 305 2142 soluta
325 2105 528 2153 aliquanto
547 2111 639 2141 ante
660 2103 776 2140 diem.
823 2104 901 2140 Sed
916 2104 1012 2140 haec
1029 2105 1126 2140 Eros
1140 2103 1288 2141 videbit
1304 2103 1453 2141 Idibus.

166 2219 185 2238 2
211 2210 244 2239 id
258 2214 309 2239 cst
327 2208 511 2238 minutatim
529 2207 587 2238 del.
605 2206 769 2237 Cormdns
860 2206 959 2245 Quod
984 2205 1133 2236 Ernesti:
1159 2217 1225 2245 quo
1243 2207 1282 2237 M
1417 2218 1454 2246 14

122 2262 171 2282 vu
190 2251 244 2283 M:
269 2262 303 2282 vr
322 2251 419 2282 Rom.
550 2260 589 2288 23
615 2262 633 2281 a
650 2250 726 2280 add.
747 2250 867 2281 Lamb.
959 2259 1000 2287 25
1027 2250 1231 2291 Hortensio]
1253 2251 1455 2281 Hordeonio

122 2295 247 2326 Scln'its
260 2296 326 2326 coll.
340 2296 409 2325 xiii.
425 2296 477 2334 46.
490 2295 612 2333 3‚s0rt.
628 2298 702 2324 recle
791 2295 869 2332 quia
885 2292 920 2332 e]
939 2299 972 2323 et
989 2294 1214 2324 coheredibus
1234 2296 1286 2326 (sc.
1308 2295 1453 2332 solveret)

122 2339 242 2369 Iunius
256 2340 324 2369 coll⁴
343 2341 374 2370 6.
388 2349 418 2377 3,
439 2339 513 2368 bene
527 2350 534 2368 ε
558 2348 676 2367 nomm
690 2339 864 2378 proprs‘mn
875 2336 1033 2366 desiderat
1045 2336 1184 2367 Mt't’ller:
1212 2337 1357 2368 Publilio
1372 2339 1449 2368 coni.

125 2382 239 2414 Orelli:
265 2383 372 2412 Oviae
392 2382 512 2411 Gur-llll
527 2382 594 2412 coll.
615 2382 684 2412 xiii.
698 2392 749 2412 22.
767 2392 785 2420 4
803 2392 808 2410 :
837 2381 965 2419 Lepth
983 2380 1132 2410 Schmidt
1242 2383 1283 2410 26
1302 2381 1451 2411 Horten<

121 2426 207 2467 sius]
230 2426 450 2456 Hordeonius
467 2425 588 2455 Sclmt:
