1742 2651
599 125 710 160 EPP.
743 125 820 161 AD
851 124 1111 161 ATTICVM
1358 126 1477 161 XIII.
1496 124 1669 162 xxxviii

191 235 262 273 bus
302 248 398 285 quas
431 234 482 272 ab
512 248 559 272 eo
589 236 639 273 de
669 235 783 273 nobis
814 235 947 273 haberi
982 235 1166 285 permulti
1201 235 1297 273 mihi
1327 236 1521 275 renuntia-

188 308 326 338 verunt
354 308 598 338 commotum
620 300 736 338 istum
758 299 972 349 aliquando
993 299 1192 350 scripsisse
1217 300 1365 350 aliquid
1386 302 1435 339 ad
1458 316 1520 340 me

188 367 307 404 credo
329 373 366 403 et
386 366 436 403 ad
458 373 505 411 te,
530 365 648 415 idque
680 373 722 403 ut
752 365 871 403 sciam
894 364 1022 403 facies.
1084 367 1187 403 Nam
1216 367 1266 404 ad
1295 374 1444 415 patrem
1470 368 1520 405 de

190 443 252 468 me
273 430 368 479 quid
390 429 584 479 scripserit
606 430 750 476 nescio,
773 431 823 468 de
844 437 966 468 matre
988 443 1106 480 quam
1129 429 1192 480 pie
1210 433 1216 468 1
1259 432 1520 477 ‘Volueram‚’

150 508 166 538 5
189 494 315 544 inquit
353 499 415 533 ‘ut
454 509 572 544 quam
614 495 825 545 plurimum
865 503 995 533 tecum
1036 509 1174 542 essem,
1213 496 1384 534 conduci
1424 496 1519 535 mihi

189 561 352 598 domum
388 568 425 597 et
460 559 499 598 id
533 561 583 597 ad
624 568 661 598 te
700 560 939 609 scripseram.
1001 560 1228 610 Neglexisti.
1290 563 1350 599 Ita
1390 561 1519 600 minus

189 626 355 662 multum
386 638 463 662 una
493 625 647 663 erimus.
708 627 811 663 Nam
842 639 914 675 ego
944 625 1058 664 istam
1086 627 1251 664 domum
1278 626 1410 665 videre
1438 641 1518 664 non

188 703 373 740 possum,
403 703 480 739 qua
510 691 559 727 de
590 703 707 728 causa
742 690 840 728 scis.’
899 693 1017 729 Hanc
1051 699 1183 729 autem
1219 705 1378 729 causam
1410 699 1519 741 pater

189 755 324 793 odium
347 754 478 792 matris
500 768 584 793 esse
605 755 772 793 dicebat.
834 757 951 794 Nunc
973 770 1036 794 me
1065 756 1164 802 iuva,
1189 756 1241 794 mi
1262 757 1404 803 Attice,
1428 770 1518 795 con-
1538 769 1562 796 2

132 836 170 856 10
189 820 285 866 Silio,
311 822 487 869 ιπότερον
518 821 601 872 δίκᾳ
631 824 751 872 τεῖχος
780 823 910 871 ὕψιον,’
932 821 971 860 id
993 830 1050 860 est
1078 830 1208 860 utrum
1235 830 1369 872 aperte
1396 822 1519 860 homi-

188 899 278 924 nem
308 900 492 936 asperner
524 895 561 925 et
592 901 783 937 respuam,
819 887 863 937 “ἦ
894 890 1064 928 σκολιαῖς
1095 890 1274 928 dmi-ram)
1331 890 1384 925 Vt
1414 888 1519 926 enim

190 950 359 989 Pindaro
387 951 442 989 sic
473 953 579 1004 (δίχα
601 971 665 1003 μοι
691 954 771 993 νόος
800 955 986 1002 ἀτρέκειαν
1012 955 1148 991 εἰπεῖν]
1205 953 1382 991 Omnino
1408 953 1520 991 mori-

188 1016 260 1053 bus
301 1017 396 1054 meis
432 1017 527 1056 illud
563 1018 690 1068 aptius
730 1020 799 1056 sed
835 1020 911 1057 1106
946 1020 1107 1057 fortasse
1142 1018 1396 1068 temporibus.
1456 1021 1519 1057 Tu

186 1090 318 1120 autem
341 1085 448 1132 quod
470 1084 553 1134 ipse
574 1084 644 1122 tibi
672 1085 836 1122 suaseris
858 1084 963 1123 idem
992 1085 1086 1122 1111111
1109 1098 1337 1135 persuasum
1369 1093 1516 1135 putato.

132 1157 166 1188 15
189 1148 386 1197 Equidem
419 1163 553 1188 vereor
585 1149 752 1188 maxime
788 1164 835 1187 ne
868 1149 907 1187 in
942 1151 1170 1188 Tusculano
1204 1150 1411 1200 opprimar.
1473 1152 1519 1188 In

188 1213 301 1250 turba
328 1215 425 1252 baec
456 1222 586 1253 essent
617 1214 798 1253 faciliora.
859 1217 999 1252 Vtrum
1028 1215 1142 1264 igitur
1170 1217 1368 1253 Asturae?
1412 1215 1520 1263 Quid

186 1279 223 1314 si
254 1279 398 1317 Caesar
433 1280 594 1317 subito?
664 1282 759 1318 Iuva
795 1294 868 1326 me,
906 1293 1065 1330 quaeso,
1102 1279 1278 1320 consilio.
1338 1282 1434 1318 Vtar
1472 1294 1520 1319 eo

188 1344 296 1392 quod
327 1351 367 1382 tu
398 1345 625 1383 decreveris.

230 1547 427 1583 XXXIX
472 1551 540 1582 Sct'.
561 1552 593 1581 in
617 1551 802 1582 Tusculano
817 1551 904 1582 Nou.
923 1551 1010 1583 Sext.
1028 1562 1059 1582 a.
1084 1561 1142 1592 709
1162 1552 1241 1593 (45).

129 1653 168 1674 20
595 1646 765 1677 CICERO
797 1646 979 1676 ATTICO
1008 1645 1115 1678 SAL.

241 1735 277 1773 O
309 1735 579 1774 incredibilem
601 1735 812 1773 vanitatem
831 1738 836 1772 1
868 1736 917 1773 ad
946 1743 1095 1785 patrem
1118 1740 1124 1753 ⁶
1143 1736 1265 1773 domo
1291 1735 1364 1773 sibi
1389 1749 1519 1774 caren-
1539 1746 1556 1773 1

187 1800 282 1837 dum
322 1808 479 1850 propter
518 1801 707 1847 matrem‚'
738 1802 793 1837 ad
820 1806 979 1837 matrem
1014 1801 1171 1849 plenam
1211 1799 1375 1849 pietatis.
1438 1801 1519 1839 Hic

186 1873 317 1903 autem
353 1866 428 1903 iarn
465 1865 679 1916 languescit
711 1874 748 1904 et
779 1865 831 1903 ait
866 1865 940 1904 sibi
972 1865 1081 1902 illum
1114 1864 1195 1902 iure
1228 1864 1379 1903 iratum.
1440 1867 1561 1904 Sed2

187 1937 271 1968 utar
288 1938 356 1968 tuo
372 1931 537 1969 consilio
556 1946 562 1975 ;
585 1934 593 1950 ⁴
608 1934 744 1969 σκολιὰ
758 1932 765 1947 ’
781 1931 886 1969 enirn
904 1930 975 1968 tibi
991 1930 1107 1969 video
1124 1931 1288 1980 placere.
1332 1932 1515 1978 Romam,

129 2004 166 2036 25
187 2001 229 2032 ut
262 2009 413 2041 censes,
442 1995 597 2033 veniam
632 1997 701 2034 sed
736 1995 903 2042 invitus;
947 1996 1060 2033 valde
1095 1994 1201 2032 enim
1236 1994 1276 2032 in
1308 1995 1518 2033 scribendo

186 2059 339 2097 haereo.
399 2062 611 2098 ‘Brutum’
632 2060 761 2110 inquis
789 2062 975 2099 ‘eadem.’
1033 2059 1212 2106 Scilicet3
1243 2061 1312 2098 sed
1340 2060 1414 2098 nisi
1442 2062 1518 2098 1106

185 2132 297 2171 esset,
321 2139 379 2163 res
408 2139 470 2163 me
492 2125 563 2163 ista
591 2139 671 2163 non
699 2134 864 2175 cogeret.
926 2127 1011 2163 Nec
1033 2125 1137 2163 enim
1163 2125 1256 2163 inde
1277 2125 1383 2163 venit
1412 2127 1517 2164 unde

186 2190 341 2226 mallem
363 2203 491 2239 neque
519 2189 586 2227 diu
611 2189 705 2227 afuit
733 2204 862 2239 neque
890 2191 1008 2227 ullam
1034 2189 1202 2227 litteram
1226 2191 1276 2228 ad
1305 2204 1378 2228 me.
1439 2191 1517 2227 Sed

185 2260 317 2291 tamen
355 2254 453 2292 scire
491 2267 588 2292 aveo
627 2254 752 2304 qualis
791 2254 826 2292 ei
858 2254 977 2292 totius
1016 2253 1163 2292 itineris
1196 2267 1350 2292 summa
1389 2254 1514 2292 fuerit.

232 2367 268 2394 14
293 2362 410 2397 putato
429 2359 475 2389 C:
501 2365 581 2398 puto
598 2358 636 2388 M
727 2360 766 2388 16
789 2358 948 2388 Asturam
971 2356 1158 2395 Imsenheng
1250 2369 1285 2396 17
1312 2359 1338 2388 si
1357 2353 1423 2388 Zb:
1447 2369 1512 2389 om.

184 2398 224 2429 M
353 2412 394 2431 22
420 2403 461 2432 ad
479 2407 617 2432 matrem
636 2401 710 2432 add.
735 2402 837 2432 Orelli
967 2412 1007 2440 23
1032 2401 1096 2431 sibi
1117 2401 1193 2432 Vict.
1213 2413 1219 2431 :
1245 2402 1302 2432 tibi
1321 2402 1360 2431 M
