1742 2651
138 115 209 152 XI.
233 114 278 150 ix
620 116 674 151 M.
707 116 875 153 TVLLI
907 116 1214 155 CICERONIs

249 226 490 275 probrorum.
553 226 632 263 Hic
662 225 839 275 Ligurius
864 227 999 271 furere,
1035 228 1108 264 ‘Se
1147 227 1251 264 enim
1292 227 1389 266 scire
1423 242 1579 267 summo

250 291 358 328 illum
380 291 418 328 in
434 291 527 329 odio
548 291 666 329 fuisse
689 291 856 330 Caesari.
908 292 1024 328 Illum
1043 299 1174 329 tamen
1196 306 1276 330 non
1298 294 1419 331 modo
1440 293 1579 332 favisse

250 357 319 394 sed
341 356 457 394 etiam
481 363 628 393 tantam
658 356 711 392 illi
735 355 945 404 pecuniam
967 356 1123 394 dedisse
1144 357 1304 395 honoris
1333 357 1409 395 mei
1437 360 1578 396 causa.’

252 422 344 458 Hoc
371 434 443 470 ego
468 422 604 458 dolore
631 428 795 470 accepto
822 420 926 459 volui
957 421 1054 459 scire
1075 421 1171 470 quid
1199 422 1415 472 scripsisset
1441 424 1492 461 ad
1519 437 1578 461 ce-

250 493 377 528 teros;
415 485 487 535 ipsi
516 485 620 523 enim
653 485 705 522 illi
737 485 869 535 putavi
901 485 1164 535 perniciosum
1197 488 1289 533 fore,
1324 487 1354 524 si
1389 487 1471 525 eius
1501 489 1578 526 hoc
1598 501 1616 533 5

249 557 401 588 tantum
442 551 567 588 scelus
606 550 919 599 percrebruisset.
979 551 1159 600 Cognovi
1198 551 1374 590 eiusdem
1414 552 1576 602 generis.

250 616 313 652 Ad
334 622 371 652 te
394 614 490 652 misi.
534 616 643 663 Quas
665 614 695 652 si
717 615 873 664 putabis
895 615 947 652 illi
969 615 1042 664 ipsi
1064 615 1157 653 utile
1178 629 1263 654 esse
1284 616 1406 664 reddi,
1425 618 1576 655 reddes.

249 680 314 718 Nil
346 693 408 717 me
439 680 577 718 laedet.
638 681 742 717 Nam
772 681 880 729 quod
910 680 1126 729 resignatae
1151 689 1251 727 sunt,
1274 682 1404 728 habet,
1427 682 1577 732 opinor,

249 746 331 784 cius
371 745 525 795 signum
567 745 797 795 Pomponia.
859 747 949 783 Hac
984 745 1048 783 ille
1082 746 1294 784 acerbitate
1330 746 1442 785 initio
1477 747 1580 785 navi-

248 812 414 862 gationis
443 825 532 849 cum
561 825 653 849 usus
681 818 794 857 esset,
816 818 926 849 tanto
951 825 1014 849 me
1042 812 1177 849 dolore
1201 811 1345 850 adfecit
1376 820 1417 850 ut
1444 820 1581 862 postea
1603 826 1641 848 10

250 877 444 923 iacuerim,
470 891 598 927 neque
626 890 731 914 nunc
756 884 834 914 tam
863 890 933 926 pro
957 890 998 914 se
1025 890 1143 925 quam
1165 884 1301 914 contra
1321 890 1384 915 me
1405 877 1580 915 laborare

249 942 400 980 dicitur.

207 1017 228 1052 3
305 1009 365 1045 Ita
396 1007 582 1045 omnibus
617 1008 733 1045 rebus
768 1020 929 1056 urgeorJ
970 1020 1066 1056 quas
1102 1006 1291 1045 sustinere
1323 1007 1384 1044 vix
1418 1020 1579 1056 possum

249 1075 309 1110 vel
330 1075 445 1122 plane
466 1074 575 1110 nullo
597 1074 718 1110 modo
748 1086 920 1122 possum.
981 1071 1136 1120 Quibus
1162 1071 1201 1109 in
1230 1071 1392 1110 miseriis
1420 1085 1498 1109 una
1522 1080 1579 1109 est

250 1152 320 1187 pro
348 1138 532 1176 omnibus
555 1139 662 1187 quod
684 1138 797 1176 istam
820 1137 1000 1175 miseram
1022 1136 1269 1186 patrimonio,
1290 1138 1444 1175 fortuna
1472 1137 1579 1175 omni
1606 1148 1640 1180 15

250 1203 456 1252 spoliatam
488 1203 717 1252 relinquam.
778 1204 868 1251 Qua
889 1216 928 1241 re
949 1210 996 1248 te,
1022 1209 1066 1239 ut
1084 1202 1288 1252 polliceriS‚
1313 1202 1444 1241 videre
1465 1205 1580 1252 plane

250 1267 376 1305 velim.
429 1268 561 1305 Alium
584 1268 688 1306 enim
711 1268 772 1306 cui
795 1268 899 1305 illam
917 1270 1195 1306 commendem
1217 1269 1346 1307 habeo
1368 1268 1579 1316 neminem,

250 1333 438 1381 quoniam
476 1333 585 1370 matri
619 1347 779 1382 quoque
814 1334 952 1371 eadem
988 1333 1159 1372 intellexi
1195 1347 1280 1372 esse
1314 1342 1446 1384 parata
1480 1347 1581 1383 quae

251 1398 357 1435 mihi.
418 1400 496 1436 Sed
524 1399 554 1436 si
583 1412 646 1436 me
679 1412 758 1436 non
791 1400 979 1445 offendes,
1013 1399 1104 1437 satis
1138 1408 1269 1438 tamen
1302 1400 1448 1438 habeto
1478 1413 1582 1438 com-

249 1465 475 1501 mendatam
498 1472 759 1513 patruumque
781 1464 819 1501 in
841 1477 886 1502 ea
907 1472 1099 1513 quantum
1121 1465 1267 1514 poteris
1289 1465 1475 1514 mitigato.
1603 1474 1642 1496 20

304 1531 418 1567 Haec
438 1531 489 1566 ad
510 1537 547 1566 te
569 1529 632 1567 die
654 1528 771 1566 natali
794 1542 883 1567 meo
900 1529 1045 1578 scripsi.
1091 1531 1183 1578 Quo
1206 1529 1354 1568 utinam
1377 1537 1581 1580 susceptus

250 1609 329 1633 non
350 1608 476 1632 essem
497 1602 563 1632 aut
585 1609 634 1632 ne
655 1594 751 1643 quid
773 1608 818 1632 ex
839 1596 978 1633 eadem
998 1602 1119 1633 matre
1141 1602 1278 1645 postea
1298 1602 1434 1633 natum
1455 1597 1580 1634 esset!

252 1662 366 1698 Plura
386 1660 553 1698 scribere
575 1661 667 1698 fletu
689 1660 910 1710 prohibeor.

293 1853 335 1886 X
560 1855 628 1886 Ser.
649 1856 813 1887 Brundisi
826 1859 874 1887 ‚vii
887 1857 928 1888 K.
950 1857 1040 1888 Frbr.
1062 1868 1090 1888 a.
1111 1867 1170 1897 707
1188 1857 1272 1897 (47).

667 1946 843 1977 CICERO
868 1946 1040 1977 ATTICO
1068 1947 1167 1979 SAL.
1602 1954 1639 1988 25

215 2042 229 2067 1
305 2029 368 2067 Ad
391 2043 496 2067 meas
518 2029 759 2068 incredibilis
780 2030 1043 2080 aegritudines
1067 2030 1215 2080 aliquid
1244 2029 1333 2067 novi
1360 2028 1512 2067 accedit
1533 2042 1579 2066 ex

250 2093 294 2131 iis
324 2107 424 2142 quae
455 2095 504 2132 de
536 2096 584 2143 Q.
616 2097 664 2144 Q.
695 2097 745 2134 ad
777 2109 838 2133 me
868 2096 1105 2134 adferuntur.
1168 2097 1207 2132 P.
1231 2093 1438 2132 Terentius
1468 2107 1580 2131 meus

292 2209 311 2227 2
338 2197 451 2238 Illum]
476 2209 550 2228 eum
574 2198 780 2239 chscnbmg:
815 2199 903 2229 hunc
927 2198 1021 2228 Peter
1107 2199 1229 2229 favisse
1250 2196 1325 2227 M2:
1354 2196 1457 2227 fuisse
1478 2196 1584 2226 M¹W

252 2251 289 2280 15
315 2242 519 2280 patrimonio
546 2242 618 2272 M²÷
660 2242 1014 2281 pafelrtrimtrimonio
1039 2242 1113 2272 M¹:
1155 2246 1248 2282 parte
1277 2240 1490 2270 matrimonio
1518 2240 1580 2271 W:

250 2290 344 2324 patre
362 2286 575 2315 matrimonio
592 2285 764 2317 Sclnnidt:
788 2290 882 2325 patre
901 2287 1102 2324 patrimonio
1122 2285 1279 2317 Graevius
1371 2286 1409 2314 16
1432 2289 1468 2314 ut
1483 2288 1553 2316 velt.
1571 2295 1578 2314 :

247 2330 338 2367 quod
356 2328 454 2359 Rom.
474 2341 480 2359 :
505 2340 569 2360 om.
585 2329 625 2359 M
640 2329 712 2369 <sed
724 2330 828 2370 spatio
845 2329 961 2370 relicto)
985 2328 1030 2358 W
1146 2340 1188 2360 20
1211 2340 1249 2359 ea
1267 2327 1371 2358 MW:
1397 2339 1469 2358 eam
1490 2328 1575 2358 Crat.

248 2372 276 2402 L
297 2372 437 2413 (mmg.)
