1742 2651
71 92 309 129 X1V.xiii1:
586 93 641 129 M.
675 93 841 129 TVLLI
875 92 1183 130 CICERONIS

223 211 382 241 naturae
416 217 534 242 meae.
596 202 704 240 Nihil
739 202 843 240 enim
878 216 1065 251 umquam
1099 216 1178 240 non
1212 203 1332 239 modo
1363 202 1548 239 acerbum

222 268 261 305 in
291 282 352 306 me
380 269 450 306 fuit
475 269 543 306 sed
569 281 618 305 ne
646 269 763 317 paulo
790 267 951 316 quidem
980 267 1124 304 tristius
1150 274 1217 304 aut
1241 266 1410 304 severius
1431 279 1549 315 quam

223 332 433 370 necessitas
461 333 513 370 rei
540 332 721 382 publicae
750 331 969 381 postulavit.
1032 331 1197 369 Accedit
1218 339 1260 369 ut
1284 344 1333 368 ne
1358 330 1397 367 in
1422 330 1549 380 ipsum

223 397 383 446 quidem
425 396 610 435 Clodium
654 410 783 434 meum
827 396 978 445 insigne
1019 396 1155 434 odium
1196 395 1309 433 fuerit
1349 408 1548 444 umquam,

223 476 455 512 semperque
496 462 548 500 ita
592 461 718 507 statui,
754 475 834 499 non
878 475 962 499 esse
1007 461 1258 499 insectandos
1302 460 1587 504 inimicorum5

223 527 382 573 amicos,
417 526 642 577 praesertim
678 526 916 573 humiliores,
948 540 1021 564 nec
1060 526 1120 564 his
1159 526 1361 576 praesidiis
1396 533 1551 563 nosmet

177 601 203 638 4
224 591 328 641 ipsos
360 605 445 629 esse
480 591 717 641 spoliandos.
783 593 886 628 Nam
917 592 966 629 de
996 604 1118 640 puero
1146 590 1289 630 Clodio
1319 598 1403 628 tuas
1434 590 1550 640 partis

223 670 308 695 esse
342 657 506 695 arbitror
535 665 576 694 ut
609 657 691 695 eius
726 656 902 694 animum
934 664 1124 703 tenerum,
1154 669 1272 705 quem
1306 656 1356 693 ad
1387 657 1550 693 modum

222 721 368 767 scribis,
386 721 430 759 iis
452 721 705 772 opinionibus
728 721 881 759 imbuas
898 728 940 759 ut
956 735 1005 759 ne
1022 734 1119 770 quas
1140 720 1362 758 inimicitias
1383 720 1551 758 residere

222 786 261 823 in
297 786 451 824 familiis
493 786 634 825 nostris
673 786 889 824 arbitretur.
961 785 1160 825 Contendi
1200 799 1290 823 cum
1331 787 1371 822 P.
1407 785 1551 824 Clodio
1574 798 1611 819 10

222 865 312 889 cum
340 866 413 901 ego
441 852 639 902 publicam
668 865 837 897 causam,
861 851 924 889 ille
952 864 1062 889 suam
1088 851 1326 889 defenderet.
1388 851 1551 887 Nostras

222 917 535 956 concertationes
577 931 635 955 res
674 917 832 967 publica
870 916 1110 955 diiudicavit.
1181 915 1220 953 Si
1260 915 1418 961 viveret,
1456 914 1551 952 mihi

181 993 205 1031 5
223 996 312 1020 cum
344 983 410 1021 illo
444 985 551 1021 nulla
580 982 783 1021 contentio
813 982 889 1020 iam
926 990 1109 1020 maneret.
1176 983 1266 1030 Qua
1295 995 1335 1019 re
1364 980 1551 1030 quoniam

223 1049 298 1085 hoc
327 1062 351 1085 a
378 1062 440 1086 me
470 1048 524 1086 sic
552 1048 651 1098 petis
684 1056 736 1094 ut,
759 1061 860 1097 quae
895 1055 961 1085 tua
995 1054 1168 1097 potestas
1199 1054 1267 1093 est,
1291 1060 1337 1084 ea
1367 1059 1484 1095 neges
1514 1054 1552 1084 te

224 1126 286 1150 me
318 1113 440 1151 invito
473 1128 645 1159 usurum,
673 1127 795 1163 puero
825 1127 985 1163 quoque
1019 1114 1095 1150 hoc
1124 1126 1147 1150 a
1176 1126 1240 1150 me
1270 1112 1394 1158 dabis,
1421 1111 1451 1149 si
1481 1111 1552 1149 tibi
1575 1126 1611 1157 15

223 1178 428 1225 videbitur,
446 1192 524 1216 non
543 1193 622 1228 quo
637 1187 704 1216 aut
724 1187 831 1217 aetas
852 1187 983 1216 nostra
1003 1179 1054 1215 ab
1075 1178 1177 1215 illius
1196 1185 1324 1216 aetate
1340 1177 1552 1227 quicquam

223 1244 366 1281 debeat
402 1244 562 1293 periculi
597 1244 783 1293 suspicari
817 1251 884 1281 aut
915 1243 1085 1293 dignitas
1125 1257 1212 1281 mea
1243 1245 1361 1280 ullam
1395 1252 1553 1281 conten-

224 1308 372 1346 tionem
412 1309 650 1355 extimescat,
680 1310 749 1346 sed
782 1316 823 1346 ut
856 1315 1011 1345 nosmet
1041 1307 1113 1357 ipsi
1149 1307 1248 1345 inter
1282 1321 1354 1345 nos
1393 1308 1554 1345 coniun-

222 1373 362 1411 ctiores
393 1374 514 1412 simus
545 1388 661 1424 quam
693 1376 824 1412 adbuc
852 1374 1006 1411 fuimus.
1070 1374 1416 1422 Interpellantibus
1448 1373 1552 1411 enim

223 1439 282 1476 his
308 1439 519 1477 inimicitiis
546 1440 700 1477 animus
722 1448 812 1477 tuus
840 1439 934 1476 mibi
964 1439 1085 1488 magis
1114 1438 1238 1488 patuit
1258 1452 1377 1487 quam
1398 1441 1550 1477 domus.
1576 1451 1615 1471 20

223 1506 301 1542 Sed
323 1506 419 1542 haec
441 1507 641 1543 hactenus.

280 1571 383 1607 Illud
411 1579 639 1608 extremum.
701 1572 786 1620 Ego
813 1584 914 1620 quae
942 1579 980 1609 te
1007 1572 1106 1608 velle
1133 1584 1315 1620 quaeque
1341 1571 1392 1608 ad
1413 1579 1450 1607 te
1474 1583 1554 1619 per-

224 1635 346 1672 tinere
366 1635 583 1673 arbitrabor
604 1650 757 1686 semper
778 1636 861 1674 sine
883 1638 961 1674 ulla
977 1636 1225 1674 dubitatione
1247 1649 1404 1674 summo
1424 1634 1554 1673 studio

224 1699 374 1737 faciam.
438 1702 530 1738 Hoc
551 1701 665 1738 velim
689 1701 757 1738 tibi
780 1701 935 1750 penitus
957 1702 1202 1751 persuadeas.

270 1845 378 1879 XIV
472 1849 540 1880 Ser.
563 1851 595 1879 1'11
614 1850 767 1879 Cumano
784 1861 814 1880 a.
837 1850 866 1880 (ι’.
889 1861 909 1880 v
926 1851 968 1881 Κ.
993 1850 1074 1881 Mai.
1096 1862 1124 1881 (1,
1149 1862 1205 1889 710
1224 1852 1309 1890 2145.
1579 1854 1616 1885 25

632 1939 808 1969 CICERO
840 1939 1011 1969 ATTICO
1042 1940 1074 1970 S.
1112 1940 1149 1970 D.

192 2036 208 2062 1
285 2029 511 2065 ‘Iteradum
540 2028 678 2065 eadem
707 2027 777 2064 ista
804 2027 922 2064 mibi.’
982 2029 1203 2065 Coronatus
1226 2027 1398 2075 Quintus
1425 2034 1557 2065 noster

231 2092 444 2130 Parilibus!
495 2090 735 2144 [Parilibus]
815 2094 1013 2130 Solusne?
1072 2093 1153 2130 Etsi
1202 2092 1315 2130 addis
1366 2092 1553 2129 Lamiam.

230 2159 350 2206 Quod
386 2157 557 2194 demiror
591 2157 788 2206 equidem,
819 2159 887 2195 sed
923 2157 1020 2195 scire
1055 2157 1172 2207 cupio
1202 2157 1267 2206 qui
1298 2156 1439 2194 fuerint
1469 2157 1556 2203 alii3

229 2236 469 2272 quamquam
492 2223 582 2260 satis
605 2223 685 2260 scio
707 2223 780 2260 nisi
802 2223 1025 2272 improbum
1047 2223 1256 2260 neminem.
1319 2222 1557 2272 Explanabis
1579 2232 1619 2262 30

230 2288 343 2336 igitur
366 2288 441 2324 hoc
470 2287 704 2336 diligentius.
769 2289 853 2336 Ego
880 2295 1010 2325 autem
1041 2301 1132 2325 casu
1163 2300 1253 2324 cum
1281 2286 1479 2324 dedissem
1507 2288 1557 2324 ad

275 2402 318 2421 ρο
342 2392 419 2421 mihi
440 2394 481 2422 2:
509 2402 572 2421 om.
594 2398 620 2421 Δ
736 2392 778 2421 28
802 2391 940 2421 alterum
961 2392 1125 2421 Parilibus
1144 2402 1207 2421 om.
1230 2388 1270 2419 Z‘
1288 2402 1314 2421 v.
1337 2402 1358 2421 c.
1376 2391 1457 2420 RPs
1472 2391 1556 2421 Ant.
