1742 2651
551 367 721 403 LIBER
761 367 968 403 SEXTVS
1014 367 1266 405 DECIMVS

661 465 764 511 AD
818 464 1155 511 ATTICVM

283 571 305 605 Ῑ
493 574 561 606 Scr.
582 576 615 605 in
633 574 814 605 Puteolano
829 575 950 605 visc'Id.
973 575 1083 614 Quint.
1105 586 1134 606 a.
1157 585 1215 614 710
1233 576 1321 617 (44).

662 663 836 693 CICERO
861 663 1034 693 ATTICO
1062 663 1157 694 SAL.

203 766 220 793 1
295 753 432 789 NONIS
465 752 709 801 Quintilibus
739 753 826 791 veni
862 753 901 790 in
933 754 1206 791 Puteolanum.
1267 752 1460 791 Postridie
1489 753 1572 791 iens

238 819 289 855 ad
312 819 476 854 Brutum
498 817 537 854 in
559 817 749 855 Nesidem
772 819 869 855 haec
890 817 1034 867 scripsi.
1096 819 1173 856 Sed
1202 831 1249 855 eo
1276 817 1341 856 die
1362 831 1440 867 quo
1461 832 1573 856 vene-

239 895 321 919 ram
342 881 497 919 cenanti
520 884 618 920 Eros
640 890 725 919 tuas
750 882 904 920 litteras.
967 883 1112 920 Itane?
1159 893 1286 919 NONIS
1312 884 1464 920 wius?
1522 882 1572 920 Di

238 949 395 984 hercule
429 947 537 984 istis!
595 948 673 985 Sed
712 947 948 985 stomachari
986 955 1112 984 totum
1153 946 1257 984 diem
1297 947 1396 985 licet.
1457 947 1574 995 Quic-

239 1026 412 1062 quamne
446 1012 596 1062 turpius
634 1026 752 1062 quam
794 1014 916 1050 Bruto
956 1014 1116 1050 1VL11s?
1174 1013 1314 1050 Redeo
1351 1014 1402 1050 ad
1442 1026 1573 1050 meum

196 1086 219 1112 2
240 1076 354 1125 igitur
383 1077 454 1115 *ἔτ’
478 1079 637 1127 ἐῶμεν;’
670 1076 779 1114 Nihil
808 1077 898 1114 vidi.
959 1077 1036 1114 Sed
1067 1076 1163 1126 quid
1192 1084 1260 1122 est,
1285 1090 1442 1125 quaeSO,
1465 1078 1573 1125 quod

238 1141 429 1190 agripetas
462 1141 642 1179 Buthroti
677 1141 858 1179 concisos
891 1141 1043 1178 audio?
1100 1140 1208 1189 Quid
1242 1148 1374 1178 autem
1405 1142 1573 1177 Plancus

239 1214 317 1243 tam
339 1207 481 1244 cursim
504 1206 573 1257 (ita
597 1206 703 1244 enim
734 1206 1004 1254 inaudiebam)
1025 1206 1131 1244 diem
1159 1213 1196 1243 et
1224 1207 1414 1243 noctem?
1471 1207 1573 1243 Sane

194 1285 218 1321 3
238 1271 355 1321 cupio
382 1272 479 1310 scire
506 1272 602 1321 quid
629 1271 687 1309 sit.
750 1273 882 1309 Meam
914 1270 1197 1320 profectionem
1228 1270 1375 1307 laudari
1405 1271 1570 1319 gaudeo.

238 1336 467 1374 Videndum
495 1344 553 1374 est
583 1344 625 1374 ut
656 1335 808 1374 mansio
837 1337 1027 1373 laudetur.
1090 1336 1288 1384 Dymaeos
1317 1348 1410 1383 agro
1439 1335 1573 1383 pulsos

236 1415 342 1439 mare
369 1401 553 1439 infestum
579 1402 723 1439 habere
750 1400 804 1438 nil
832 1400 984 1438 mirum.
1042 1399 1109 1438 Ἐν
1133 1400 1319 1450 ὁμοπλοίᾳ
1341 1399 1449 1436 Bruti
1470 1398 1573 1436 vide-

236 1475 296 1504 tur
319 1467 469 1516 aliquid
498 1466 666 1517 praesidi
693 1480 790 1512 esse,
813 1467 894 1512 sed,
917 1465 1069 1515 opinor,
1092 1465 1243 1502 minuta
1271 1463 1432 1513 navigia.
1493 1465 1571 1501 Sed

189 1543 215 1579 4
237 1533 313 1570 iam
345 1532 465 1570 sciam
496 1540 534 1570 et
562 1533 614 1569 ad
644 1540 682 1569 te
711 1545 805 1569 cras.
867 1532 928 1568 De
949 1530 1138 1568 Ventidio
1164 1531 1316 1568 πανικὸν
1343 1537 1448 1578 puto.
1509 1529 1571 1565 De

235 1600 353 1636 Sexto
378 1612 446 1647 pro
473 1605 580 1635 certo
607 1597 826 1635 habebatur
846 1597 920 1634 lad
940 1599 1082 1633 arma†.
1143 1595 1264 1643 Quod
1292 1594 1322 1631 si
1344 1607 1478 1631 verum
1500 1601 1570 1639 est,

234 1664 317 1701 sine
352 1664 456 1701 bello
490 1662 593 1700 civili
625 1661 740 1699 video
772 1660 1032 1698 serviendum.
1094 1659 1202 1709 Quid
1235 1660 1358 1708 ergo?
1400 1659 1454 1695 ad
1480 1658 1568 1694 Kal.

236 1730 318 1765 Ian.
354 1728 392 1764 in
426 1730 553 1764 Pansa
586 1728 705 1776 spes?
761 1728 883 1774 Λῆρος
916 1726 1033 1764 πολὺς
1067 1724 1106 1761 in
1146 1724 1237 1761 vino
1276 1731 1313 1761 ct
1352 1722 1391 1759 in
1430 1734 1571 1760 sonmo

235 1793 409 1830 istorum.

192 1864 215 1902 5
291 1860 352 1895 De
376 1858 457 1894 Ξῖ
484 1856 642 1907 optime.
704 1855 906 1895 Ciceronis
937 1855 1106 1892 rationes
1135 1853 1386 1903 explicentur.
1447 1851 1570 1890 Ovius

233 1923 338 1960 enim
369 1936 514 1960 recens.
576 1924 615 1959 Is
643 1923 765 1959 multa
789 1935 890 1970 quae
917 1922 1068 1967 vellem,
1093 1919 1132 1956 in
1160 1919 1205 1956 iis
1229 1932 1279 1956 ne
1306 1919 1381 1955 boc
1408 1916 1570 1966 quidem

233 1990 378 2025 malum
420 1988 482 2027 *lin
522 1986 717 2025 mandatis
756 1987 787 2024 si
827 1987 1038 2025 habunde†
1075 1986 1144 2022 HS
1183 1983 1302 2020 iffi
1342 1981 1433 2019 satis
1472 1995 1568 2027 esse,

277 2103 296 2130 3
322 2091 490 2121 Postridie
522 2085 602 2121 ΕΖΜ
628 2102 692 2121 inc.
724 2089 750 2119 L
772 2088 934 2129 (nzmgfflz
974 2099 1039 2118 om.
1068 2090 1122 2117 ΣΔ
1261 2087 1334 2116 iens
1366 2084 1568 2115 Ascensins:

235 2137 319 2166 ssens
338 2136 378 2164 M
517 2136 537 2164 8
561 2137 568 2150 ‘
583 2134 622 2164 ἴτ’
639 2133 751 2170 ’ίωμεν’
771 2133 858 2164 Reid
946 2132 1039 2161 Nihil
1057 2131 1125 2160 vidi
1139 2134 1212 2170 post
1229 2138 1334 2159 1VL115
1354 2129 1386 2165 (I.
1410 2129 1442 2166 7)
1462 2131 1569 2158 trans-

229 2180 339 2220 posuit
354 2179 438 2208 Boot
551 2189 589 2208 10
615 2178 828 2208 inaudiebam
851 2175 969 2206 Lamb.
990 2187 996 2205 ;
1023 2174 1209 2204 mediabam
1223 2172 1276 2202 M:
1301 2172 1476 2202 audiebam
1502 2182 1530 2202 v.
1546 2182 1568 2202 c.

236 2224 263 2253 L
290 2227 431 2262 (marg.)
458 2222 552 2253 Man.
738 2231 776 2250 12
800 2220 993 2250 Videndum
1013 2243 1019 2249 .
1038 2241 1045 2248 .
1065 2242 1072 2248 .
1095 2217 1251 2247 laudetur
1270 2219 1344 2255 post
1367 2215 1486 2244 mirum
1510 2214 1569 2244 M:

236 2267 437 2307 transpositi!
465 2265 598 2296 Ernesti
742 2265 780 2293 16
804 2263 893 2293 haud
913 2263 954 2292 ad
972 2271 1064 2292 arma
1086 2261 1164 2290 coni.
1188 2259 1304 2290 Orelli:
1330 2258 1462 2289 abicere
1479 2268 1572 2288 arma

237 2312 314 2341 coni.
337 2311 434 2340 Klotz
582 2320 617 2348 ¹7
644 2309 685 2338 ad
703 2319 731 2338 v.
750 2318 771 2337 c.
793 2306 820 2335 L
840 2306 981 2344 (maun.)
1000 2301 1061 2335 Z‘:
1086 2314 1152 2334 om.
1172 2302 1213 2332 M
1352 2312 1393 2331 22
1418 2301 1452 2330 in
1479 2311 1570 2331 man-

236 2356 325 2385 datis
348 2360 398 2384 sat
424 2354 481 2393 rsit
507 2352 593 2382 codd.
623 2351 831 2391 Malaspinae
856 2353 883 2378 ct
908 2344 971 2388 Zb)
997 2347 1131 2377 abunde
1158 2345 1250 2375 Man.
1272 2356 1278 2375 ε
1312 2344 1369 2376 del.
1397 2344 1516 2376 Lamb.
1536 2347 1573 2375 ut

232 2399 396 2438 glossema
411 2397 578 2436 scrt'ploris
584 2395 669 2433 sessi

1593 895 1610 925 5

1595 1219 1634 1240 10

1592 1864 1632 1886 20
