1742 2651
580 104 691 140 EPP.
724 104 801 140 AD
832 103 1093 142 ATTICVM
1395 104 1504 140 XIV.
1529 102 1605 139 xiii
1627 115 1652 140 A

171 227 261 252 cum
279 222 386 265 patre
402 214 495 261 eius,
512 228 593 252 non
609 214 893 264 contempsisse
910 215 1011 252 hanc
1029 213 1226 251 familiam.
1281 213 1500 252 Honestius

171 280 275 317 enim
298 288 334 318 et
356 279 539 317 libentius
561 279 797 330 deponimus
819 279 1040 317 inimicitias
1062 278 1115 317 rei
1137 279 1318 328 publicae
1339 279 1500 317 nomine

171 353 371 394 susceptas
410 359 528 394 quam
568 345 851 383 contumaciae.
913 346 981 382 Me
1016 344 1162 382 deinde
1196 344 1279 382 sine
1313 346 1363 382 ad
1399 346 1500 382 hanc

170 410 398 459 opinionem
428 410 504 448 iam
532 424 637 448 nunc
659 410 823 460 dirigere
844 423 1008 460 puerum
1037 418 1075 447 et
1100 417 1235 448 tenero
1262 409 1396 447 animo
1418 409 1500 447 eius

130 487 147 518 5
169 477 403 524 persuadere
425 489 504 513 non
525 489 610 513 esse
635 476 844 513 tradendas
870 475 1034 525 posteris
1059 474 1294 513 inimicitias.
1354 476 1501 523 Quam-

168 554 286 589 quam
327 549 433 578 tuam
478 542 684 587 fortunam,
722 540 873 587 Cicero,
909 541 960 578 ab
999 540 1107 578 omni
1147 539 1321 589 periculo
1360 540 1499 578 abesse

166 614 315 644 certum
344 606 483 651 habeo,
508 614 638 644 tamen
666 605 830 644 arbitror
858 607 972 643 malle
993 613 1030 643 te
1052 605 1226 654 quietam
1253 614 1497 643 senectutem

166 679 204 709 et
236 671 493 709 honorificam
534 671 663 721 potius
702 685 816 721 agere
851 684 969 720 quam
1009 671 1227 709 sollicitam.
1294 674 1499 710 Postremo

166 750 256 774 meo
296 736 377 774 iure
412 744 449 775 te
485 738 560 774 hoc
599 736 838 775 beneficium
878 750 997 786 rogo:
1046 736 1142 774 nihil
1177 737 1283 775 enim
1318 750 1399 775 non
1431 745 1498 775 tua

107 814 146 837 10
165 815 282 839 causa
309 801 393 839 feci.
455 802 575 849 Quod
606 801 635 839 si
666 815 746 840 non
778 801 954 851 impetro,
978 815 1046 851 per
1074 815 1137 840 me
1162 801 1306 841 Clodio
1336 803 1496 840 daturus

165 881 244 905 non
280 881 377 914 sum,
405 876 446 905 ut
477 867 677 918 intellegas
708 867 844 917 quanti
874 868 981 916 apud
1017 881 1079 906 me
1112 867 1322 906 auctoritas
1353 876 1419 906 tua
1448 867 1496 906 sit

163 940 281 982 atque
308 946 356 971 eo
381 941 418 972 te
445 933 737 983 placabiliorem
765 933 964 983 praebeas.

811 1035 853 1071 B.

457 1113 527 1144 Ser,
548 1114 580 1143 in
600 1113 752 1144 Cumano
770 1115 804 1143 vi
825 1114 867 1145 K.
890 1113 971 1145 Mai.
993 1124 1022 1144 a.
1044 1124 1101 1153 710
1119 1114 1207 1153 (44).

108 1196 142 1226 ¹5
475 1186 651 1217 CICERO
684 1186 901 1216 ANTONIO
934 1186 1032 1218 COS.
1071 1187 1105 1217 S.
1141 1187 1181 1217 D.

217 1258 339 1306 Quod
368 1271 523 1296 mecum
549 1271 617 1307 per
641 1258 786 1296 litteras
813 1258 893 1308 agis
921 1272 1040 1296 unam
1068 1258 1121 1295 ob
1148 1271 1307 1296 causam
1336 1259 1492 1296 mallem
1515 1271 1531 1298 1

161 1335 293 1360 coram
315 1322 469 1372 egisses.
531 1324 624 1361 Non
651 1323 756 1361 enim
785 1325 912 1361 solum
941 1337 987 1361 ex
1012 1323 1189 1361 oratione
1217 1325 1285 1362 sed
1308 1323 1424 1361 etiam
1447 1337 1493 1361 ex

160 1389 269 1425 vultu
300 1396 337 1425 et
368 1387 492 1425 oculis
522 1396 559 1426 et
587 1389 724 1434 fronte,
749 1396 790 1425 ut
819 1388 939 1434 aiunt,
968 1401 1099 1426 meum
1131 1402 1219 1437 erga
1250 1397 1286 1426 te
1316 1402 1491 1426 amorem

160 1453 379 1503 perspicere
406 1453 610 1503 potuisses.
671 1455 774 1492 Nam
803 1468 893 1492 cum
919 1462 956 1492 te
986 1468 1140 1504 semper
1166 1455 1293 1492 amavi
1321 1455 1490 1504 primum

101 1536 139 1557 20
159 1526 228 1556 tuo
258 1519 399 1564 studio,
428 1527 516 1568 post
546 1519 663 1557 etiam
699 1519 894 1558 beneficio
924 1528 1169 1569 provocatus,
1193 1528 1276 1557 tum
1308 1520 1366 1557 his
1397 1527 1491 1557 tem-

159 1583 319 1633 poribus
350 1597 408 1621 res
440 1583 597 1633 publica
628 1592 664 1622 te
697 1584 792 1621 mihi
824 1584 874 1621 ita
905 1584 1198 1622 commendavit
1230 1594 1270 1622 ut
1300 1585 1488 1622 cariorem

158 1649 325 1686 habeam
366 1649 576 1687 neminem.
638 1648 807 1687 Litterae
841 1663 933 1687 vero
967 1657 1057 1687 tuae
1091 1663 1181 1687 cum
1220 1649 1532 1690 amantissime2

157 1722 240 1752 tum
272 1714 668 1752 honorificentissime
701 1713 866 1764 scriptae
899 1715 953 1752 sic
984 1729 1046 1753 me
1077 1717 1307 1754 adfecerunt
1337 1723 1378 1752 ut
1408 1728 1488 1752 non

157 1780 249 1817 dare
279 1779 349 1817 tibi
382 1779 619 1817 beneficium
645 1779 795 1817 viderer
822 1781 892 1818 sed
923 1780 1101 1830 accipere
1132 1794 1153 1818 a
1182 1789 1219 1818 te
1249 1780 1301 1818 ita
1331 1788 1491 1830 petente

98 1858 135 1890 25
157 1852 198 1882 ut
232 1844 435 1882 inimicum
478 1858 621 1891 meum,
648 1844 911 1883 necessarium
943 1853 1055 1883 tuum
1091 1859 1154 1884 me
1185 1845 1308 1883 invito
1338 1860 1491 1884 servare

157 1910 291 1955 nolles,
315 1923 406 1946 cum
434 1909 473 1947 id
502 1910 610 1946 nullo
640 1909 798 1959 negotio
828 1910 954 1947 facere
982 1923 1128 1959 posses.
1190 1912 1275 1959 Ego
1299 1924 1390 1948 vero
1417 1911 1487 1948 tibi
1508 1918 1532 1955 3

155 1974 266 2020 istuc,
297 1974 349 2011 mi
381 1974 542 2020 Antoni,
575 1974 731 2012 remitto
769 1982 888 2024 atque
922 1975 974 2012 ita
1010 1983 1051 2013 ut
1088 1989 1150 2013 me
1185 1989 1208 2013 a
1239 1984 1287 2021 te,
1320 1990 1410 2014 cum
1443 1976 1488 2014 iis

155 2038 281 2077 verbis
312 2039 519 2089 scripseris,
544 2039 812 2078 liberalissime
841 2048 961 2089 atque
992 2040 1387 2080 honorificentissime
1417 2049 1487 2079 tra-

154 2111 301 2141 ctatum
332 2104 564 2150 existimem,
588 2104 708 2153 idque
737 2118 827 2142 cum
859 2113 997 2150 totum,
1021 2118 1184 2155 quoquo
1213 2108 1334 2145 modo
1361 2120 1403 2144 se
1427 2120 1486 2144 res

94 2181 135 2211 30
154 2169 328 2215 haberet,
350 2169 419 2206 tibi
441 2170 616 2207 dandum
644 2177 833 2218 putarem,
857 2178 939 2207 tum
967 2171 1019 2207 clo
1047 2170 1164 2208 etiam
1193 2171 1426 2209 humanitati
1448 2179 1485 2209 et

201 2282 213 2301 Ι
241 2283 309 2302 non
330 2273 578 2311 contempsisse
606 2273 685 2303 (oni.
708 2273 826 2311 Baiter,
847 2285 942 2313 quem
959 2274 1107 2313 seqnitur
1122 2275 1223 2305 Reid:
1250 2286 1316 2305 non
1335 2280 1485 2306 contem-

154 2315 261 2354 pseris
279 2316 367 2346 codd.
378 2341 384 2353 ‚
401 2320 431 2346 et
447 2327 515 2345 non
523 2322 585 2356 pro
606 2327 648 2345 ne
667 2317 701 2346 1‘11
725 2317 857 2347 Auloni
876 2323 920 2357 ep.
949 2318 1155 2348 tolerandum
1171 2329 1236 2349 esse
1246 2323 1344 2359 putat
1358 2319 1482 2358 Bo'ckel,

154 2358 188 2388 id
208 2359 297 2397 quod
317 2359 409 2389 valde
427 2359 557 2389 dubito:
592 2370 658 2391 non
685 2371 750 2399 quo
780 2362 1025 2400 contempseris
1056 2361 1263 2402 Wesenberg:
1298 2373 1365 2393 non
1394 2363 1484 2402 quod

152 2404 398 2442 contempseris
417 2403 539 2433 Mz'iller
