1742 2651
613 557 785 595 LIBER
817 555 1191 593 DVODECIMVS

661 677 763 724 AD
805 675 1142 723 ATTICVM

275 807 298 846 Ῑ
521 812 589 844 Ser.
610 813 643 843 in
662 812 822 852 Arpinati
835 811 944 842 vz'z't'K.
964 811 1035 842 Dec.
1057 822 1086 842 a.
1109 812 1170 849 708
1187 810 1272 851 (46).

648 906 823 937 CICERO
855 905 1027 936 ATTICO
1061 905 1158 936 SAL.

202 1007 219 1033 1
290 995 523 1031 VNDECIMO
553 991 629 1032 die.
660 998 869 1040 postquam
900 1004 922 1027 a
953 998 989 1028 te
1019 989 1285 1036 discesseram,
1320 990 1394 1028 hoc
1422 989 1566 1028 litteru-

236 1060 360 1096 larum
395 1057 546 1096 exaravi
581 1056 784 1106 egrediens
820 1072 840 1093 e
872 1055 963 1093 villa
995 1063 1087 1093 ante
1117 1057 1245 1093 lucem
1277 1062 1395 1104 atque
1424 1068 1472 1092 eo
1502 1054 1566 1093 die

236 1123 458 1173 cogitabam
490 1122 530 1159 in
566 1121 790 1170 Anagnino.
821 1128 979 1170 postero
1008 1128 1140 1159 autem
1171 1120 1209 1157 in
1240 1121 1479 1166 Tusculano,
1511 1119 1565 1157 ibi
1586 1131 1602 1162 5

236 1202 359 1227 unum
399 1187 530 1233 diem;
580 1199 603 1223 v
644 1188 813 1224 Kalend.
855 1185 970 1235 igitur
1004 1187 1054 1223 ad
1093 1184 1362 1223 constitutum.
1434 1186 1566 1233 Atque

236 1253 385 1291 utinam
407 1251 598 1290 continuo
625 1252 675 1289 ad
705 1252 956 1300 complexum
988 1264 1098 1288 meae
1119 1249 1282 1295 Tulliae,
1306 1250 1356 1287 ad
1386 1250 1565 1287 osculum

236 1318 390 1356 Atticae
429 1317 576 1367 possim
623 1319 797 1354 currere!
875 1317 996 1364 Quod
1045 1314 1206 1364 quidem
1253 1314 1380 1363 ipsum
1427 1314 1563 1360 scribe,

235 1397 394 1434 quaeso,
417 1384 467 1421 ad
499 1396 561 1419 me
591 1389 644 1427 ut,
667 1382 763 1419 dum
794 1380 968 1418 consisto
998 1380 1037 1417 in
1059 1381 1298 1425 Tusculano,
1322 1379 1442 1416 sciam
1470 1379 1566 1429 quid

235 1449 385 1499 garriat,
409 1448 468 1486 sin
493 1447 708 1492 rusticatur‚
733 1446 828 1495 quid
857 1445 999 1483 scribat
1020 1446 1071 1483 ad
1098 1453 1161 1485 te:
1191 1444 1305 1494 eique
1333 1444 1480 1483 interea
1499 1453 1566 1483 aut
1588 1459 1626 1481 10

235 1514 381 1553 scribes
416 1515 581 1551 salutem
617 1520 682 1549 aut
715 1510 913 1549 nuntiabis
947 1511 1120 1560 itemque
1157 1509 1288 1548 Piliae.
1350 1512 1399 1547 Et
1434 1518 1565 1548 tamen

235 1579 307 1618 etsi
346 1578 537 1617 continuo
573 1575 817 1626 congressuri
852 1589 998 1621 summ,
1035 1574 1180 1613 scribes
1219 1575 1270 1612 ad
1305 1588 1368 1612 me
1407 1575 1438 1612 si
1470 1575 1565 1624 quid

236 1643 412 1682 habebis.

194 1719 218 1746 2
292 1710 394 1748 Cum
417 1707 693 1757 complicarem
723 1708 823 1744 hanc
852 1707 1071 1757 epistulam,
1095 1709 1401 1747 noctuabundus
1428 1710 1477 1746 ad
1504 1722 1566 1746 me

235 1773 341 1812 venit
372 1787 462 1811 cum
498 1771 665 1822 epistula
700 1779 765 1809 tua
801 1773 1023 1810 tabellarius
1042 1788 1050 1820 ;
1089 1786 1167 1822 qua
1198 1776 1298 1812 lecta
1332 1775 1382 1811 de
1412 1773 1566 1811 Atticae
1588 1784 1624 1815 15

234 1838 422 1877 febricula
451 1836 598 1875 scilicet
629 1838 742 1875 valde
773 1837 893 1875 dolui.
956 1838 1125 1887 Reliqua
1154 1852 1256 1888 quae
1290 1838 1565 1888 exspectabam

234 1919 280 1943 ex
300 1904 375 1942 tuis
396 1903 531 1941 litteris
561 1903 727 1954 cognovi
751 1904 907 1950 omnia3
939 1905 1008 1942 sed
1033 1905 1141 1953 quod
1169 1903 1304 1942 scribis
1329 1903 1565 1953 ‘igniculum

234 1968 469 2006 matutinum
501 1971 734 2020 γεροιντικόι’,’
765 1970 1068 2021 ’γεροντικώτερον
1099 1977 1156 2006 est
1191 1968 1420 2007 memoriola
1453 1967 1566 2006 vacil-

233 2035 321 2072 lare.
383 2036 467 2084 Ego
502 2034 608 2073 enim
641 2047 701 2072 1111
737 2036 824 2072 Kal.
857 2034 959 2072 Axio
991 2035 1189 2081 dederam,
1222 2034 1290 2072 tibi
1322 2046 1380 2079 111,
1414 2033 1566 2082 Quinto

233 2112 313 2149 quo
343 2099 407 2137 die
437 2099 645 2146 venissem,
669 2099 709 2137 id
734 2107 791 2137 est
813 2111 837 2135 v
861 2101 947 2137 Kal.
1010 2101 1102 2137 Hoc
1132 2099 1246 2149 igitur
1274 2098 1449 2145 habebis,
1473 2098 1565 2136 novi
1587 2109 1625 2130 20

281 2214 294 2234 1
321 2203 490 2243 Epis-sulas
507 2203 608 2233 lzm'ns
626 2203 700 2233 libri
713 2203 820 2232 ominis
839 2213 905 2232 uuo
922 2207 1026 2233 tenore
1042 2203 1207 2243 coniungit
1223 2201 1269 2233 Μ.
1318 2203 1359 2232 In
1376 2203 1568 2241 separandis

232 2248 374 2287 epistulis
397 2248 557 2276 librormn
581 2247 630 2276 xii
650 2251 677 2277 ct
700 2247 761 2276 xiii
783 2251 914 2286 operam
939 2250 1144 2276 navaverunt
1166 2247 1364 2276 luculentam
1387 2245 1518 2276 Scln'clu‘
1538 2249 1568 2275 ct

232 2291 392 2326 Schmidt,
411 2301 491 2330 quos
508 2291 594 2320 viros
610 2290 717 2320 doctos
735 2290 866 2320 libenter
874 2291 1069 2330 plcrmnque
1083 2293 1210 2320 secutus
1225 2300 1301 2319 smn
1402 2300 1439 2327 14
1465 2294 1564 2319 noctu

233 2335 454 2373 vagabundus
471 2334 548 2364 coni.
571 2334 658 2364 Rcia'
770 2335 809 2363 18
833 2333 1019 2372 ’γεροντικύν
1037 2334 1112 2364 add.
1130 2333 1157 2362 L
1176 2336 1318 2372 (marg.)
1434 2343 1476 2363 20
1499 2343 1564 2372 quo

234 2379 288 2410 die
305 2378 345 2409 I:
371 2378 522 2419 quotidie
540 2376 581 2408 M
667 2387 689 2408 v
706 2377 793 2408 codd.
816 2377 866 2417 trs.
887 2377 906 2407 l.
926 2379 983 2417 6):
1011 2387 1035 2407 11
1053 2377 1103 2407 vel
1116 2377 1202 2416 prid.
1219 2376 1288 2407 cdd.
