1742 2651
84 94 179 131 XII.
203 93 310 129 xviii
575 93 630 128 M.
663 92 830 127 TVLLI
862 92 1168 129 CICERONIS

210 212 302 242 tam.
360 204 438 241 Sed
466 202 598 242 onmia
626 210 667 240 ut
692 204 808 240 voles.
871 204 955 251 Ego
982 202 1088 240 enim
1113 202 1303 253 quicquid
1333 203 1468 243 feceris
1495 202 1537 243 id

209 283 299 308 cum
321 276 425 307 recte
446 276 530 306 tum
551 268 668 306 etiam
691 281 778 305 mea
798 281 917 305 causa
938 269 1083 305 facturn
1104 269 1265 318 putabo.

252 423 411 458 XVIII
429 435 452 457 a
528 425 598 456 Ser.
620 424 766 454 Assume
782 424 819 454 1'1'2'
831 423 879 456 Id.
901 424 1002 455 Mart.
1021 435 1050 455 α.
1074 434 1132 465 709
1151 427 1232 465 (45).

613 512 786 544 CJCERO
816 513 1001 544 ATTICO
1031 513 1136 544 SAL.

174 616 190 642 1
266 604 363 643 Heri
386 618 475 642 cum
498 617 543 642 ex
568 603 733 641 aliorum
762 602 897 640 litteris
925 601 1198 652 cognovissem
1226 603 1276 641 de
1298 602 1447 641 Antoni
1475 603 1540 641 ad-
1561 619 1577 650 5

210 679 340 718 ventu,
363 669 578 708 admiratus
606 681 692 705 sum
720 666 815 704 nihil
844 681 928 705 esse
957 666 995 703 in
1027 667 1115 704 tuis.
1174 668 1251 705 Sed
1279 675 1387 705 erant
1415 666 1540 717 pridie

211 738 372 774 fortasse
394 734 559 783 scriptae
576 746 693 782 quam
712 734 836 770 datae.
889 734 1030 781 Neque
1052 731 1124 769 ista
1145 731 1306 781 quidem
1323 746 1442 779 curo3
1471 733 1540 770 sed

211 809 344 839 tamen
367 800 506 849 opinor
526 806 686 848 propter
706 798 870 846 praedes
891 810 983 834 suos
1004 796 1281 835 accucurrisse.

169 880 194 907 2
267 866 388 914 Quod
410 864 545 902 scribis
562 862 787 901 Terentiam
811 863 860 900 de
881 861 1199 911 obsignatoribus
1220 861 1297 899 mei
1319 861 1541 900 testamenti

212 931 331 981 loqui,
348 930 517 980 primum
538 928 607 966 tibi
629 928 820 977 persuade
842 940 904 965 me
926 926 1044 964 istaec
1066 940 1146 964 non
1163 940 1296 964 curare
1313 940 1441 976 neque
1458 940 1542 964 esse
1566 945 1602 967 10

212 997 425 1047 quicquam
446 1002 511 1032 aut
533 1007 673 1044 parvae
695 1006 810 1030 curae
831 1000 896 1030 aut
918 1005 1043 1030 novae
1064 991 1150 1030 loci.
1202 993 1280 1029 Sed
1299 999 1429 1030 tamen
1447 991 1542 1041 quid

213 1062 338 1100 simile
356 1064 371 1098 P
430 1062 503 1098 Illa
523 1072 590 1098 eos
612 1072 691 1096 non
713 1057 894 1096 adhibuit
916 1071 1016 1107 quos
1044 1056 1276 1094 existimavit
1298 1056 1543 1106 quaesituros

214 1127 287 1165 nisi
310 1127 473 1164 scissent
495 1125 590 1174 quid
611 1131 723 1162 esset.
785 1125 892 1160 Num
915 1122 954 1160 id
982 1121 1100 1160 etiam
1128 1121 1224 1159 mihi
1251 1121 1412 1171 periculi
1440 1121 1544 1159 fuit?

215 1194 293 1231 Sed
315 1200 446 1229 tamen
468 1190 582 1228 faciat
604 1189 668 1226 illa
689 1189 797 1238 quod
819 1201 902 1237 ego.
966 1187 1082 1225 Dabo
1103 1200 1235 1224 meum
1264 1194 1543 1225 testamentum

214 1259 424 1307 legendum
448 1255 509 1294 cui
531 1254 721 1301 voluerit3
751 1253 948 1302 intelleget
974 1265 1054 1290 non
1083 1251 1257 1302 potuisse
1284 1252 1544 1290 honorificen-
1567 1269 1601 1301 15

214 1323 290 1361 tius
310 1337 333 1360 a
362 1335 423 1360 me
452 1320 533 1359 fieri
561 1321 611 1358 de
639 1326 783 1369 nepote
812 1331 930 1368 quam
962 1316 1134 1355 fecerim.
1193 1318 1296 1354 Nam
1324 1318 1432 1366 quod
1462 1331 1544 1355 non

213 1387 402 1427 advocavi
423 1388 474 1424 ad
496 1385 800 1435 obsignandum,
824 1383 994 1433 primum
1023 1381 1119 1420 mihi
1147 1395 1227 1420 non
1248 1382 1353 1420 venit
1375 1382 1413 1419 in
1439 1396 1546 1420 men-

213 1462 304 1499 tem,
329 1453 475 1492 deinde
496 1465 541 1490 ea
562 1465 601 1489 re
623 1463 704 1488 non
725 1449 842 1495 venit,
866 1448 958 1497 quia
979 1447 1075 1485 nihil
1095 1447 1266 1485 attinuit.
1323 1449 1427 1486 Tute
1454 1448 1541 1494 scis,

214 1519 245 1557 si
274 1520 395 1557 modo
423 1515 647 1561 meministi,
671 1529 734 1553 me
763 1513 832 1552 tibi
860 1521 942 1551 turn
972 1512 1114 1550 dixisse
1142 1519 1184 1549 ut
1211 1513 1262 1550 de
1289 1511 1365 1549 tuis
1391 1511 1544 1561 aliquos

214 1586 443 1622 adduceres,
502 1581 611 1630 Quid
632 1579 737 1618 enirn
760 1592 859 1627 opus
881 1584 961 1615 erat
983 1576 1144 1614 multis?
1193 1576 1390 1625 Equidem
1412 1578 1545 1615 dome·
1566 1593 1607 1615 20

215 1649 333 1687 sticos
365 1648 563 1685 iusseram.
624 1647 729 1682 Tum
758 1643 827 1681 tibi
856 1641 1002 1691 placuit
1030 1648 1072 1679 ut
1100 1640 1295 1679 mitterem
1321 1642 1371 1679 ad
1393 1641 1542 1679 Silium.
1589 1630 1593 1633 ¹

218 1715 318 1752 Inde
340 1720 397 1751 est
419 1719 554 1749 natum
576 1718 618 1748 ut
638 1710 689 1747 ad
712 1707 950 1754 Publilium3
979 1706 1049 1744 sed
1070 1719 1231 1744 necesse
1258 1713 1440 1745 neutrum
1460 1705 1543 1744 fuit.

218 1781 311 1816 Hoc
333 1785 374 1816 tu
396 1775 579 1815 tractabis
600 1782 642 1812 ut
664 1773 733 1812 tibi
755 1771 961 1811 videbitur.

258 1930 370 1966 XIX
498 1932 566 1964 Ser.
588 1932 734 1962 Asturae
744 1929 830 1971 prid.
851 1929 900 1961 Id.
922 1927 1022 1958 Mart.
1044 1938 1073 1959 a.
1098 1938 1156 1968 7⁰9
1177 1926 1257 1968 (45).

620 2019 794 2051 CICERO
824 2016 1011 2048 ATTICO
1041 2015 1148 2047 SAL.
1569 2023 1606 2055 25

184 2124 203 2152 1
275 2114 345 2150 Est
365 2111 429 2149 hic
443 2110 604 2160 quidem
626 2111 735 2147 locus
751 2120 942 2146 amoenus
959 2114 996 2143 et
1018 2105 1056 2142 in
1074 2103 1169 2142 mari
1189 2103 1275 2153 ipso
1289 2102 1355 2152 qui
1371 2109 1409 2140 et
1426 2101 1547 2139 Antio

220 2185 258 2216 et
280 2176 440 2215 Circeiis
462 2175 581 2224 aspici
604 2173 726 2223 possit
744 2188 751 2215 ;
791 2173 859 2210 sed
888 2171 1062 2208 ineunda
1088 2167 1203 2207 nobis
1230 2167 1328 2205 ratio
1350 2175 1407 2204 est
1428 2180 1547 2216 quem

218 2244 270 2281 ad
292 2243 455 2280 modum
477 2241 516 2277 in
537 2239 646 2277 omni
668 2237 886 2276 mutatione
911 2235 1176 2280 dominorum,
1199 2246 1300 2282 quae
1327 2232 1548 2269 innumera-

264 2357 301 2376 12
326 2345 516 2375 haesituros
534 2344 610 2373 coni.
628 2342 731 2373 Orelli
829 2350 867 2379 13
891 2340 972 2379 quid
985 2342 1038 2369 ΣΔ
1057 2349 1064 2368 1
1088 2338 1162 2376 quis
1180 2336 1207 2367 C
1220 2347 1248 2366 v.
1268 2347 1291 2366 c.
1402 2346 1438 2374 17
1463 2336 1548 2366 alios

217 2394 293 2420 ante
308 2388 466 2420 advocavi
485 2386 599 2417 addere
616 2386 684 2417 vult
699 2386 783 2416 Boot
914 2394 954 2413 22
982 2382 1158 2412 Publilium
1178 2380 1264 2411 Crat.
1284 2391 1290 2411 :
1317 2379 1469 2411 Publium
1488 2379 1528 2410 M
