1742 2651
186 134 254 170 IX.
274 132 334 169 vii
351 145 373 169 B
655 135 710 171 Μ.
743 134 910 171 TVLLI
943 133 1250 172 CICERONIS

280 243 512 293 Pompeium
544 245 671 281 futura
702 250 831 282 essent
860 257 1026 292 quorum
1062 243 1254 281 beneficia
1289 244 1458 282 maxima
1496 245 1614 283 habe-

278 322 373 356 rem,
400 309 553 359 sibique
585 309 676 347 satis
710 323 795 347 esse
826 309 922 347 dixit
954 309 985 347 si
1014 317 1167 359 togatus
1199 310 1348 348 urbana
1379 310 1506 349 officia
1539 310 1613 348 sibi

277 373 553 423 praestitissem
586 387 686 423 quae
716 374 832 412 etiam
864 374 947 421 illis,
977 374 1007 411 si
1038 375 1189 421 vellem,
1218 382 1413 424 praestare
1442 389 1610 425 possem.

279 440 419 488 Itaque
451 452 556 476 nunc
593 441 745 477 Romae
784 439 918 477 omnia
956 439 1113 488 negotia
1148 439 1304 477 Lentuli
1336 453 1503 489 procuro
1534 454 1613 478 sus-

278 503 385 542 tineo
415 517 626 552 meumque
657 503 839 550 officium,
864 504 994 551 fidem,
1018 504 1203 553 pietatem
1234 504 1279 541 iis
1310 512 1474 553 praesto.
1533 506 1611 543 Sed
1633 521 1650 553 5

278 582 341 606 me
370 569 528 606 hercule
560 582 688 605 rursus
724 567 799 605 iam
839 568 1031 606 abiectam
1063 568 1361 618 compositionis
1391 583 1501 618 spem
1531 583 1612 608 non

277 633 633 683 desperatissimam
664 646 748 671 esse
780 640 889 682 puto,
919 632 1107 682 quoniam
1141 634 1285 672 Caesar
1319 640 1376 671 est
1406 647 1451 671 ea
1480 641 1612 672 mente

277 712 395 748 quam
426 706 560 748 optare
590 699 792 736 debemus.

332 765 422 802 Hac
456 777 495 801 re
527 763 621 800 mihi
654 765 793 813 placet,
823 763 855 801 si
885 763 955 801 tibi
984 763 1146 809 videtur,
1171 771 1208 801 te
1237 765 1288 801 ad
1319 777 1409 801 eum
1444 764 1612 802 scribere

277 836 315 867 et
352 829 401 866 ab
441 841 488 866 eo
527 827 764 878 praesidium
804 835 946 877 petere,
988 835 1029 866 ut
1068 827 1212 877 petiisti
1250 842 1273 866 a
1312 828 1503 878 Pompeio
1549 843 1612 867 me
1636 845 1674 868 ιο

277 893 439 943 quidem
470 894 714 943 adprobante
749 893 992 943 temporibus
1026 893 1265 930 Milonianis.
1326 895 1548 939 Praestabo,
1582 894 1613 931 si

278 960 487 998 Caesarem
518 959 619 996 bene
650 958 752 1004 novi,
776 972 865 996 eum
893 957 998 1007 prius
1028 965 1117 996 tuae
1145 958 1343 1008 dignitatis
1371 972 1489 1008 quam
1520 972 1613 997 suae

279 1024 454 1062 utilitatis
476 1023 666 1061 rationem
689 1023 923 1061 habiturum.

237 1096 260 1132 3
336 1091 449 1127 Haec
470 1102 588 1138 quam
610 1090 824 1138 prudenter
845 1088 915 1126 tibi
941 1088 1108 1127 scribam
1131 1088 1276 1136 nescio,
1300 1090 1369 1128 sed
1391 1089 1487 1128 illud
1509 1096 1612 1127 certe

278 1155 370 1202 scio,
403 1168 466 1193 me
495 1155 544 1192 ab
575 1153 756 1203 singulari
791 1167 924 1192 amore
952 1167 998 1192 ac
1028 1154 1305 1192 benevolentia
1338 1167 1612 1204 quaecumque
1636 1170 1672 1202 15

277 1219 405 1258 scribo
426 1219 495 1257 tibi
517 1219 694 1266 scribere,
719 1220 827 1269 quod
855 1226 892 1257 te
920 1218 990 1268 (ita
1015 1218 1205 1258 incolumi
1234 1221 1400 1259 Caesare
1427 1220 1569 1258 moriar
1589 1220 1613 1271 ἕ)

276 1285 372 1324 tanti
398 1285 498 1324 facio
526 1293 567 1323 ut
597 1298 744 1335 paucos
774 1298 899 1334 aeque
928 1298 974 1322 ac
1004 1292 1042 1322 te
1069 1298 1178 1322 caros
1208 1285 1386 1323 habeam.
1448 1287 1510 1323 De
1539 1287 1612 1325 hac

276 1366 316 1390 re
343 1365 433 1390 cum
462 1351 611 1401 aliquid
637 1349 894 1397 constitueris,
918 1349 1034 1388 velim
1063 1349 1158 1387 1111111
1187 1350 1342 1388 scribas.
1402 1351 1505 1388 Nam
1531 1365 1612 1389 non

277 1416 524 1455 mediocriter
554 1416 689 1454 laboro
719 1421 763 1452 al
790 1415 955 1464 utrique,
985 1422 1026 1452 ut
1057 1414 1123 1461 vis,
1157 1421 1264 1452 tuam
1297 1415 1611 1454 benevolentiam

276 1490 470 1531 praestare
498 1480 623 1531 possis
653 1494 771 1531 quam
795 1494 856 1518 me
882 1481 1039 1518 hercule
1067 1487 1104 1518 te
1125 1486 1409 1530 praestaturum
1437 1482 1608 1520 confido.
1635 1499 1673 1520 20

277 1548 355 1586 Fac
375 1548 512 1585 valeas.

929 1619 974 1656 C.

662 1704 729 1736 Ser.
751 1706 782 1735 1'11
801 1705 909 1736 itincre
927 1705 993 1737 circ.
1013 1705 1098 1736 Non.
1119 1704 1223 1737 ,Μαι-ί.

576 1783 762 1815 CAESAR
789 1784 930 1815 OPPIO
956 1785 1200 1816 CORNELIO
1227 1784 1324 1816 SAL.

242 1868 257 1895 1
332 1858 498 1896 Gaudeo
538 1871 600 1895 me
632 1858 789 1895 hercule
821 1871 889 1895 vos
929 1857 1145 1907 significare
1179 1857 1313 1896 litteris
1347 1871 1464 1907 quam
1497 1858 1610 1895 valde
1632 1869 1670 1900 25

277 1923 449 1973 probetis
489 1937 533 1961 ea
572 1937 672 1972 quae
710 1925 816 1974 apud
858 1924 1074 1963 Corfinium
1115 1932 1205 1962 sunt
1243 1931 1360 1973 gesta.
1434 1922 1611 1962 Consilio

277 1997 404 2027 vestro
425 1997 509 2027 utar
530 1989 696 2028 libenter
717 1998 755 2029 et
776 1992 852 2029 hoc
873 1990 1058 2029 libentius
1081 1992 1188 2040 quod
1211 2003 1298 2028 mea
1324 1996 1464 2039 sponte
1485 1990 1611 2027 facere

277 2054 555 2093 constitueram
587 2063 628 2094 ut
657 2070 776 2106 quarn
804 2056 1047 2095 lenissimum
1081 2070 1142 2094 me
1170 2056 1398 2105 praeberem
1429 2062 1467 2092 et
1499 2056 1612 2091 Porn-

277 2119 409 2169 peium
449 2122 582 2159 darem
615 2136 775 2172 operam
810 2130 852 2160 ut
883 2122 1186 2160 reconciliarem.
1246 2123 1504 2170 Temptemus
1535 2121 1611 2157 hoc

278 2187 398 2223 modo
420 2186 449 2223 si
471 2187 666 2236 possimus
689 2188 867 2225 omnium
895 2189 1115 2225 voluntates
1137 2186 1348 2236 reciperare
1370 2192 1406 2223 et
1428 2185 1611 2222 diuturna
1632 2195 1673 2225 30

319 2305 338 2332 4
361 2296 490 2333 propter
505 2292 545 2322 iis
574 2293 610 2323 (l.
630 2293 664 2331 53
690 2303 808 2322 uotum
825 2293 997 2332 proprium
1017 2291 1117 2322 (velut
1139 2291 1306 2328 Marcelli)
1326 2288 1517 2319 addendum
1540 2293 1614 2319 ante

275 2337 429 2367 sustineo
445 2337 634 2376 suspicatur
648 2335 732 2365 Reid
870 2337 890 2365 8
914 2346 1013 2374 quam
1033 2335 1090 2364 M:
1116 2345 1183 2374 qua
1199 2334 1286 2373 vulg.
1437 2342 1475 2362 10
1495 2333 1611 2371 petisti

274 2381 362 2419 vulg.
471 2390 508 2418 19
533 2385 569 2410 ut
586 2379 662 2410 add.
681 2379 750 2410 edd.
768 2392 773 2409 :
801 2390 864 2409 om.
887 2378 973 2410 codd.
1077 2389 1117 2408 22
1141 2378 1324 2418 exemplum
1344 2376 1443 2406 huius
1461 2376 1614 2415 epistulae

274 2424 308 2453 ιἰι
320 2423 512 2454 Pelrarclme
525 2430 531 2439 ⁵
545 2423 618 2453 Vita
632 2423 781 2454 Cacsarz's
791 2423 797 2434 ’
809 2423 968 2453 invenitm
1046 2433 1088 2461 30
1106 2422 1275 2461 possimus
1290 2420 1405 2450 Lamb.
1420 2419 1609 2450 petrarcha:

275 2477 454 2508 possumus
472 2466 558 2497 co-Jd.
