1742 2651
83 549 99 581 5

66 944 103 965 10

66 1595 105 1616 20

539 167 650 202 ΕΡΡ.
683 166 760 202 ΑΙ)
791 165 1048 203 ATTICVM
1416 164 1484 200 IX.
1503 163 1548 200 xi

121 285 241 316 strum
265 309 271 315 .
296 308 302 315 .
328 308 334 315 .
358 285 395 316 et
415 277 465 315 ad
487 275 631 315 civium
658 276 911 314 concordiam
933 289 1001 326 per
1022 283 1058 314 te
1083 289 1202 325 quam
1231 288 1452 314 accommo-

120 342 366 380 datissimum
399 341 629 380 conservari.
690 342 775 390 Ego
816 353 907 378 cum
937 348 1054 378 antea
1084 339 1155 378 tibi
1193 341 1243 378 de
1283 341 1453 378 Lentulo

119 406 259 456 gratias
280 406 458 456 egissem,
480 419 571 444 cum
592 405 626 443 ei
648 405 761 443 saluti
782 405 849 454 qui
878 404 973 441 mihi
1000 406 1124 442 fuerat
1147 404 1296 450 fuisses,
1321 412 1452 442 tamen

120 471 230 509 lectis
264 471 347 509 eius
385 470 521 509 litteris
555 483 652 519 quas
690 470 742 507 ad
777 482 838 507 me
872 468 1092 518 gratissimo
1130 468 1264 507 animo
1303 469 1353 506 de
1388 475 1454 505 tua

120 535 350 574 liberalitate
382 535 656 584 beneficioque
696 534 812 581 misit,
842 535 1035 575 *reandem
1070 548 1133 572 me
1167 535 1332 572 salutem
1364 547 1386 571 a
1416 540 1453 571 te

120 600 343 650 accepisset
364 614 483 650 quam
504 600 579 638 ille.
630 601 678 637 In
699 613 817 649 quem
839 600 870 637 si
887 614 949 638 me
970 599 1162 649 intellegis
1183 613 1267 638 esse
1287 606 1449 649 gratum,

122 679 222 712 cura,
247 665 423 712 obsecro,
446 672 489 703 ut
508 664 626 703 etiam
648 664 688 702 in
709 664 944 715 Pompeium
966 678 1050 703 esse
1071 664 1229 715 possim.

164 788 258 822 XII
390 791 459 823 Ser.
480 791 514 822 in
531 791 713 823 Formiano
727 792 788 822 xiii
800 792 842 823 K.
860 792 943 832 Apr.
963 803 995 823 a.
1019 802 1073 832 705
1091 792 1177 834 (49).

536 857 706 888 CICERO
728 857 909 888 ATTICO
932 856 1039 889 SAL.

177 926 367 974 Legeram
389 932 475 962 tuas
496 925 641 963 litteras
663 937 739 962 XIII
770 927 831 971 K,
855 939 946 963 cum
968 925 1063 963 mihi
1092 925 1257 976 epistula
1281 926 1453 963 adfertur
1474 935 1489 961 1

122 1004 145 1028 a
166 992 291 1040 Lepta
311 989 647 1028 circumvallatum
664 1004 748 1028 esse
767 990 1012 1040 Pompeium,
1031 990 1178 1029 ratibus
1194 990 1310 1028 etiam
1329 989 1453 1028 exitus

122 1063 258 1105 portus
297 1055 429 1093 teneri.
501 1057 594 1094 Non
630 1055 783 1093 medius
818 1055 934 1093 fidius
966 1069 1058 1105 prae
1090 1055 1257 1093 lacrimis
1292 1068 1453 1105 possum

123 1121 272 1170 reliqua
301 1134 374 1158 nec
404 1119 574 1171 cogitare
604 1134 677 1159 nec
708 1120 885 1158 scribere.
949 1120 1041 1158 Misi
1068 1123 1118 1159 ad
1149 1128 1187 1159 te
1217 1121 1451 1169 exemplum.

126 1186 293 1224 Miseros
333 1199 405 1224 nos
424 1189 429 1224 l
471 1200 539 1224 cur
573 1199 653 1224 non
689 1200 827 1224 omnes
863 1187 985 1224 fatum
1027 1186 1127 1224 illius
1166 1199 1244 1224 una
1283 1185 1454 1224 exsecuti

85 1271 100 1302 g
123 1253 287 1290 sumus?
346 1253 451 1289 Ecce
480 1259 612 1289 autem
642 1265 664 1289 a
696 1251 822 1289 Matio
852 1259 889 1289 et
920 1251 1107 1289 Trebatio
1137 1253 1288 1297 eadem,
1312 1250 1454 1300 quibus

125 1316 348 1355 Menturnis
383 1316 488 1353 obvii
523 1316 700 1355 Caesaris
736 1315 935 1354 tabellarii.
995 1318 1202 1366 Torqueor
1234 1315 1376 1362 infelix,
1414 1322 1455 1353 ut

123 1382 201 1420 iam
222 1382 331 1419 illum
355 1381 588 1418 Mucianum
629 1381 775 1419 exitum
799 1389 993 1431 exoptem.
1053 1383 1105 1419 At
1136 1394 1254 1431 quam
1276 1382 1452 1427 honesta,

123 1455 162 1485 at
192 1461 310 1496 quam
341 1446 524 1496 expedita
555 1454 621 1484 tua
650 1446 823 1492 consilia,
852 1460 970 1495 quam
1001 1446 1180 1495 evigilata
1209 1446 1284 1483 tuis
1314 1446 1455 1495 cogita-

123 1512 307 1558 tionibus,
331 1525 410 1561 qua
435 1511 591 1557 itineris,
616 1524 694 1560 qua
722 1511 990 1561 navigationis,
1015 1525 1093 1560 qua
1123 1524 1352 1561 congressus
1382 1524 1455 1548 ser—

124 1577 332 1626 monisque
361 1590 452 1614 cum
483 1577 677 1615 Caesare!
736 1576 883 1614 Omnia
908 1590 996 1613 cum
1025 1578 1192 1614 honesta
1218 1584 1300 1614 tum
1328 1584 1451 1614 cauta.

125 1644 172 1680 In
196 1642 358 1692 Epirum
380 1654 472 1679 vero
494 1641 670 1679 invitatio
698 1654 816 1691 quam
839 1642 977 1687 suavis,
998 1655 1115 1691 quam
1138 1641 1317 1687 liberalis,
1334 1655 1452 1691 quam

123 1709 289 1746 fraterna
306 1711 312 1745 1

179 1775 240 1811 De
264 1774 456 1823 Dionysio
484 1788 571 1812 sum
598 1774 812 1813 admiratus
834 1774 900 1824 qui
921 1775 1028 1824 apud
1050 1787 1112 1812 me
1134 1772 1360 1812 honoratior
1380 1772 1451 1811 fuit
1471 1788 1495 1814 2

124 1852 242 1888 quam
267 1841 372 1889 apud
403 1839 628 1889 Scipionem
660 1840 894 1885 Panaetium
923 1853 946 1877 a
972 1853 1052 1889 quo
1072 1838 1334 1889 impurissime
1354 1840 1452 1876 haec

125 1912 257 1942 nostra
281 1906 437 1943 fortuna
460 1906 647 1955 despecta
674 1913 742 1944 est.
803 1905 883 1944 Odi
912 1905 1115 1943 hominem
1143 1912 1181 1942 et
1207 1905 1354 1952 odero,
1383 1903 1452 1942 uti-

125 1983 216 2007 nam
237 1970 371 2008 ulcisci
393 1984 551 2020 possem
569 1974 575 2008 1
633 1972 711 2009 Sed
736 1970 844 2008 illurn
866 1971 1103 2008 ulciscentur
1123 1983 1250 2008 mores
1271 1969 1341 2007 sui.

178 2036 252 2081 Tu,
282 2048 440 2084 quaeso,
474 2049 579 2073 nunc
609 2037 670 2073 vel
701 2036 869 2073 maxime
903 2036 999 2085 quid
1029 2036 1226 2085 agendum
1256 2034 1371 2073 nobis
1403 2034 1451 2072 sit
1470 2045 1494 2081 3

125 2099 262 2149 cogita.
334 2100 475 2151 Populi
505 2101 677 2139 Romani
707 2101 898 2140 exercitus
929 2102 1000 2140 Cn.
1026 2100 1261 2150 Pompeium
1291 2100 1452 2139 circum-

126 2166 248 2213 sedet,
283 2166 388 2204 fossa
426 2173 464 2204 et
496 2167 600 2204 vallo
638 2174 816 2216 saeptum
854 2174 971 2213 tenet,
1009 2167 1099 2215 fuga
1128 2165 1338 2215 prohibet,
1381 2180 1453 2204 nos

172 2281 184 2300 1
207 2275 281 2311 pos!
296 2276 444 2301 vestrum
462 2270 536 2302 add.
557 2272 699 2302 amicum
718 2278 751 2303 et
768 2273 809 2302 ad
828 2277 973 2302 vestram
991 2270 1165 2302 Lehmann
1317 2281 1336 2310 3
1361 2271 1450 2311 curn]

127 2316 216 2353 quod
246 2315 324 2346 coni.
353 2314 473 2345 Lamb.
502 2315 559 2345 scd
587 2316 622 2354 cf.
652 2315 749 2346 Fam.
780 2315 848 2345 xiii.
876 2326 928 2354 24.
956 2325 975 2344 2
1083 2320 1195 2345 tamen
1227 2313 1330 2345 0²]qu
1348 2327 1353 2345 :
1385 2321 1453 2345 tum

127 2358 269 2388 EO¹RL
288 2362 426 2398 (marg.)
572 2369 592 2398 5
616 2358 686 2399 me]
704 2359 783 2389 mihi
801 2360 919 2389 videor
935 2359 1033 2388 Klots
1048 2358 1200 2389 Schmidt
1344 2361 1364 2388 6
1384 2362 1457 2398 post

126 2402 300 2440 accepisse
313 2401 388 2432 add.
405 2402 517 2440 putavi
536 2406 605 2432 velt.
699 2403 740 2432 28
757 2403 980 2433 circumsedet
997 2402 1129 2432 Baiter:
1155 2402 1331 2432 circumset
1345 2408 1377 2432 et
1395 2401 1455 2432 M:

126 2445 340 2475 circumsidet
357 2445 398 2474 M
412 2447 549 2485 fnmrg.)
568 2445 651 2475 Boot

171 2510 233 2531 cxc.
255 2511 300 2529 An
318 2510 389 2531 ΑΠ’,
1328 2501 1368 2530 21
