1742 2651
130 500 146 530 5

111 829 149 850 10

112 1155 147 1185 10

111 1480 149 1500 20

577 117 688 153 EPP.
722 117 799 152 AD
830 116 1088 154 ATTICVM
1406 116 1492 153 XV.
1513 113 1621 151 xxvi

168 234 326 265 senatus
360 228 552 266 consulto.
611 227 741 265 Velim
777 227 874 265 scire
909 227 1003 277 quid
1039 227 1096 265 sit.
1156 226 1401 265 Tabellarius
1435 226 1499 265 ille

168 306 287 342 quem
312 292 382 330 tibi
406 292 579 330 dixeram
610 306 673 331 me
699 294 750 330 ad
781 295 945 330 Brutum
976 305 1061 330 esse
1089 291 1297 330 missurum
1328 292 1368 329 in
1396 294 1500 329 Ana-

167 356 331 406 gninum
351 357 402 395 ad
423 370 486 395 me
502 356 607 394 venit
627 370 673 395 ea
693 365 809 395 nocte
826 370 926 406 quae
947 356 1123 406 proxima
1142 364 1234 395 ante
1253 359 1339 394 Kal.
1357 356 1427 394 fuit
1443 356 1500 394 lit-

168 430 348 471 terasque
363 423 413 460 ad
436 435 497 459 me
517 421 669 469 attulit3
700 422 739 459 in
761 421 903 471 quibus
925 435 1046 459 unum
1067 421 1239 459 alienum
1260 435 1414 459 summa
1430 435 1500 459 sua

168 486 385 536 prudentia,
405 486 510 524 idem
533 487 638 533 illud,
663 495 704 524 ut
725 495 900 536 spectem
921 487 1035 524 ludos
1057 499 1158 525 suos.
1211 486 1410 536 Rescripsi
1431 487 1500 524 sci-

168 550 257 589 licet
272 550 440 600 primum
458 565 521 589 me
543 551 617 589 iam
640 553 871 601 profectum,
887 558 929 589 ut
946 565 1019 588 non
1037 551 1231 601 integrum
1252 551 1299 589 sit
1315 566 1324 598 ,-
1354 551 1499 589 deinde

168 617 402 654 ἀτοπώτατον
430 629 515 653 6336
545 630 607 654 1116
637 616 703 665 qui
740 618 910 654 Romam
945 616 1108 654 ommino
1142 623 1231 665 post
1265 617 1362 654 haec
1393 629 1499 653 arma

168 695 247 719 non
280 681 511 719 accesserim
544 695 672 731 neque
704 681 743 719 id
779 689 856 719 tam
892 681 1053 730 periculi
1086 681 1163 719 mei
1194 695 1311 719 causa
1341 681 1499 719 fecerim

168 760 287 795 quam
317 746 516 795 dignitatis
546 747 676 784 subito
707 748 757 784 ad
790 747 904 784 ludos
935 746 1076 784 venire.
1149 746 1235 784 Tali
1266 746 1370 784 enim
1406 754 1501 784 tem-

169 824 263 861 pore
283 812 397 849 ludos
418 812 544 849 facere
565 811 617 848 illi
639 813 850 849 honestum
875 819 932 849 est
962 811 1024 848 cui
1051 824 1211 849 necesse
1232 819 1300 855 est,
1324 819 1500 860 spectare

170 876 264 913 mihi
299 884 340 913 ut
379 890 459 914 non
498 884 556 914 est
594 890 755 915 necesse
794 876 848 914 sic
887 890 936 914 ne
976 877 1187 914 honestum
1226 876 1388 925 quidem
1428 883 1496 914 est.

171 941 367 990 Equidem
388 941 474 979 illos
495 941 680 979 celebrari
701 949 739 979 et
760 955 844 979 esse
864 954 984 990 quam
1013 941 1252 991 gratissimos
1274 941 1501 979 mirabiliter

169 1006 286 1056 cupio
307 1006 426 1056 idque
454 1006 506 1044 ita
532 1008 705 1044 futurum
735 1020 819 1044 esse
847 1007 1007 1044 confido
1033 1014 1071 1044 et
1098 1014 1229 1044 tecum
1253 1020 1326 1056 ago
1356 1014 1398 1044 ut
1423 1006 1500 1043 iam

168 1072 219 1109 ab
241 1071 323 1121 ipsa
344 1071 623 1109 commissione
647 1073 698 1110 ad
719 1085 781 1110 me
803 1085 921 1121 quem
941 1073 991 1109 ad
1015 1072 1178 1109 modum
1198 1071 1440 1121 accipiantur
1460 1071 1500 1108 hi

134 1136 265 1183 -ludi,
297 1136 442 1174 deinde
476 1137 609 1175 onmia
640 1136 878 1186 reliquorum
913 1138 1096 1174 ludorum
1135 1136 1174 1173 in
1209 1136 1292 1174 dies
1326 1136 1499 1185 singulos

170 1216 412 1252 persequare.
473 1203 551 1240 Sed
571 1203 621 1240 de
642 1202 743 1240 ludis
765 1203 965 1240 hactenus.
1013 1201 1182 1251 Reliqua
1202 1215 1289 1251 pars
1310 1201 1499 1251 epistulae
1519 1213 1542 1239 2

169 1276 227 1306 est
252 1268 316 1305 illa
341 1267 501 1317 quidem
530 1267 569 1304 in
597 1274 802 1316 utramque
832 1275 993 1316 partem,
1017 1268 1086 1305 sed
1114 1275 1246 1304 tamen
1270 1280 1350 1304 non
1372 1268 1499 1304 nullos

170 1332 367 1371 interdum
398 1332 487 1370 iacit
517 1331 707 1381 igniculos
734 1331 861 1369 virilis.
922 1332 1043 1380 Quod
1070 1333 1185 1381 quale
1212 1331 1283 1370 tibi
1307 1331 1503 1370 videretur

171 1405 211 1435 ut
255 1412 390 1448 posses
430 1397 683 1447 interpretari,
725 1396 811 1434 misi
856 1398 906 1434 ad
945 1404 983 1434 te
1025 1398 1249 1446 exemplum
1289 1396 1503 1446 epistulae5

171 1477 410 1513 quamquam
447 1463 543 1500 mihi
573 1462 796 1500 tabellarius
830 1470 962 1500 noster
995 1462 1143 1500 dixerat
1173 1461 1243 1500 tibi
1273 1475 1432 1511 quoque
1462 1476 1504 1500 se

170 1529 346 1566 attulisse
384 1528 529 1566 litteras
563 1542 586 1566 a
621 1530 743 1565 Bruto
774 1540 918 1577 easque
952 1528 1002 1566 ad
1034 1534 1072 1565 te
1105 1540 1127 1565 e
1161 1529 1388 1565 Tusculano
1418 1541 1503 1566 esse

171 1595 330 1631 delatas.

227 1660 312 1707 Ego
354 1658 492 1697 itinera
539 1658 594 1696 sic
642 1671 942 1708 composueram
991 1665 1033 1695 ut
1082 1656 1208 1695 Nonis
1258 1656 1501 1706 Quintilibus
1522 1665 1547 1702 3

173 1723 345 1761 Puteolis
367 1737 518 1769 essem;
547 1725 661 1761 valde
690 1723 796 1762 enim
828 1723 981 1771 festino,
1005 1722 1057 1760 ita
1084 1730 1215 1760 tamen
1240 1731 1281 1760 ut
1309 1730 1501 1772 quantum

173 1790 294 1827 homo
328 1789 451 1838 possit
485 1802 603 1838 quam
634 1788 857 1827 cautissime
889 1788 1079 1838 navigem.
1141 1789 1196 1825 M.
1224 1788 1380 1826 Aelium
1411 1798 1547 1836 cura4

172 1854 379 1901 liberabis;
414 1867 476 1891 me
505 1866 652 1903 paucos
682 1854 803 1903 pedes
833 1853 873 1890 in
903 1861 1077 1891 extremo
1107 1854 1231 1891 fundo
1261 1861 1298 1891 et
1328 1866 1395 1891 eos
1422 1853 1504 1903 qui-

171 1921 263 1958 dem
294 1920 566 1958 subterraneos
596 1918 789 1956 servitutis
819 1926 976 1968 putasse
1005 1918 1154 1968 aliquid
1184 1919 1395 1957 habituros.
1456 1920 1506 1957 Id

217 2034 236 2053 2
260 2024 437 2054 missurum
456 2020 493 2053 Ζ1
510 2034 516 2052 :
543 2023 682 2052 missum
696 2022 755 2052 M:
780 2033 798 2052 a
813 2032 866 2052 me
885 2046 892 2052 .
915 2047 921 2052 .
942 2023 1100 2053 ‚missum
1115 2023 1204 2062 vulg.
1294 2023 1315 2051 6
1340 2032 1407 2052 non
1426 2021 1501 2052 add.

176 2067 252 2098 Vict.
344 2068 468 2097 deinde
491 2066 699 2105 W’senbelg:
738 2066 779 2095 (16
805 2076 858 2095 1116
882 2065 942 2095 M:
982 2067 1061 2095 dein
1091 2065 1165 2097 Vict.
1307 2076 1344 2105 15
1370 2067 1402 2096 in
1434 2077 1464 2096 v.
1481 2077 1505 2096 c.

173 2110 201 2140 L
219 2111 358 2151 (marg.)
379 2105 460 2140 th:
493 2121 558 2140 0111.
580 2108 620 2138 M
768 2119 804 2147 17
830 2114 882 2139 est
908 2108 976 2139 RP
999 2109 1107 2140 flam:
1145 2120 1212 2140 om.
1236 2114 1264 2139 Δ
1367 2110 1505 2148 quidem

176 2149 256 2184 ΕΖω
274 2165 301 2185 v.
319 2166 341 2185 c.
361 2158 406 2184 2:
431 2164 576 2192 namque
595 2157 622 2182 Δ
728 2158 859 2191 partem
879 2147 960 2182 Cgm
978 2163 1041 2183 v.c.
1062 2164 1068 2183 z
1092 2163 1157 2183 om.
1178 2157 1232 2184 ΣΔ
1399 2163 1437 2182 21
1464 2154 1505 2183 ad

175 2202 208 2227 te
232 2209 250 2227 e
269 2192 332 2228 Zb:
359 2198 400 2227 ad
418 2204 451 2227 te
471 2197 556 2226 OR:
581 2206 598 2225 a
617 2194 657 2224 M
779 2197 821 2225 26
846 2196 916 2235 me]
937 2197 964 2226 is
982 2206 1035 2225 me
1053 2195 1170 2226 Lanzb.
1197 2195 1266 2227 edd.
1287 2208 1293 2226 :
1319 2207 1361 2226 ne
1388 2196 1510 2227 Gurlitt

173 2241 280 2279 pedes
301 2240 471 2270 Turnebus
488 2239 645 2279 Madwg:
670 2248 712 2277 pe
731 2235 789 2270 Z':
831 2249 954 2278 specus
976 2232 1015 2268 Zl
1037 2237 1156 2270 Lamb.
1176 2251 1183 2270 z
1216 2249 1277 2278 spe
1303 2238 1345 2268 M
1466 2250 1506 2278 27

175 2289 310 2322 putasse
335 2284 461 2322 aliquid
487 2282 648 2321 Madvig:
683 2283 770 2321 apud
798 2283 865 2312 tale
890 2282 971 2320 quid
997 2282 1053 2313 M:
1089 2287 1184 2321 putet
1212 2283 1339 2321 aliquid
1363 2282 1506 2314 (inrlittz

174 2327 262 2364 qnod
274 2327 344 2358 edd.
365 2326 526 2356 Gronovio
542 2329 669 2356 mtctore
683 2325 766 2355 dant
780 2326 1041 2356 subterraneos:
1066 2326 1238 2355 servitutis
1261 2331 1356 2364 putat
1380 2326 1505 2366 aliquid

175 2370 351 2400 habituros
368 2371 423 2400 vix
436 2371 505 2400 sine
520 2369 612 2400 verbo
627 2370 797 2399 sententiae
808 2369 915 2409 prion'
927 2368 1040 2399 addito
1057 2369 1195 2409 intellegi
1203 2372 1309 2409 potest
