1742 2651
121 834 159 855 10

115 1662 155 1683 20

582 129 693 164 EPP.
726 129 803 164 AD
834 127 1094 165 ATTICVM
1438 125 1508 160 XI.
1533 122 1662 159 xviia

180 235 402 283 persuaderi
433 237 539 273 nullo
572 237 692 273 modo
717 235 839 285 possit
867 249 912 273 ea
936 248 1037 284 quae
1065 234 1209 272 faciant
1236 234 1328 271 mihi
1356 234 1509 283 probari

179 313 304 348 posse,
329 315 490 350 quoquo
520 303 640 339 modo
662 303 808 350 loquar.
870 303 954 349 Ego
976 308 1107 337 tamen
1130 308 1214 336 utar
1240 301 1510 338 moderatione

178 378 256 413 qua
285 373 446 414 potero:
476 380 717 415 quamquam
739 365 834 415 quid
863 379 950 403 mea
978 364 1128 403 intersit
1149 373 1191 402 ut
1211 378 1347 402 eorum
1373 365 1508 403 odium

178 430 342 467 subeam
365 444 444 467 non
467 430 661 480 intellego.

231 496 290 532 Te
318 495 419 533 iusta
443 509 559 533 causa
584 495 764 545 impediri
785 510 865 545 quo
893 495 1022 533 minus
1050 496 1100 533 ad
1125 508 1197 533 nos
1222 495 1354 533 venias
1380 495 1507 542 video,
1531 508 1553 544 3

178 558 298 608 idque
343 560 437 597 1111111
480 562 594 598 valde
638 562 848 598 molestum
890 569 957 598 est.
1024 561 1141 597 Illum
1177 561 1228 598 ab
1263 562 1509 598 Alexandrea

176 624 404 662 discessisse
434 639 552 663 nemo
579 625 733 663 nuntiat
757 633 992 675 constatque
1019 639 1068 663 ne
1096 627 1315 674 profectum
1347 625 1507 675 quidem

177 689 273 727 illim
294 703 535 741 quemquam
555 698 645 740 post
668 692 763 728 Idus
786 690 947 728 Martias
972 704 1045 728 nec
1066 698 1155 740 post
1177 691 1273 728 Idus
1295 691 1507 728 Decembr.

177 755 228 792 ab
249 754 315 792 illo
335 756 446 793 datas
468 757 564 793 ullas
585 755 741 793 litteras.
795 757 853 793 Ex
873 769 953 805 quo
974 755 1167 805 intellegis
1188 755 1284 793 illud
1301 757 1352 794 de
1372 755 1508 793 litteris

177 833 213 857 a.
240 821 279 858 d.
302 832 326 857 V
348 821 443 858 Idus
472 821 586 858 Febr.
610 820 723 867 datis,
749 822 858 870 quod
888 820 1005 859 inane
1034 828 1136 859 esset
1166 820 1283 858 etiarn
1314 821 1346 858 si
1372 835 1506 859 verum

176 893 288 932 esset,
313 899 393 923 non
414 899 548 923 verum
575 900 671 924 esse.
732 887 776 923 L.
800 885 1030 924 Terentium
1056 885 1282 924 discessisse
1309 900 1355 924 ex
1375 885 1507 924 Africa

175 950 321 989 scimus
342 953 607 1000 Paestumque
626 951 790 989 venisse.
846 951 955 1000 Quid
976 951 1007 989 is
1027 953 1177 990 adferat
1197 959 1263 989 aut
1285 965 1364 1001 quo
1386 952 1507 989 inodo

174 1016 308 1055 exierit
328 1024 395 1054 aut
415 1016 513 1065 quid
533 1016 573 1053 in
588 1016 721 1054 Africa
742 1018 809 1054 fiat
829 1016 927 1054 scire
948 1016 1074 1055 velim.
1138 1016 1291 1054 Dicitur
1311 1016 1415 1054 enim
1438 1030 1507 1065 per

175 1081 385 1119 Nasidium
406 1081 572 1119 emissus
597 1095 692 1119 esse.
755 1083 802 1120 Id
823 1083 939 1131 quale
960 1082 1008 1120 sit
1029 1081 1157 1128 velim,
1181 1081 1213 1119 si
1232 1081 1436 1127 inveneris,
1454 1082 1506 1119 ad

174 1160 239 1184 me
259 1146 415 1184 scribas.
474 1148 536 1184 De
558 1148 629 1185 HS
650 1149 689 1194 i,
706 1153 748 1184 ut
768 1146 918 1194 scribis,
934 1146 1086 1185 faciam.
1137 1148 1247 1185 Vale.
1302 1158 1389 1184 XVII
1415 1147 1503 1185 Kal.

175 1212 373 1262 Quintilis.

216 1390 376 1425 XVIII
467 1393 536 1425 Scr.
557 1393 723 1424 Brundisi
733 1395 783 1424 xii
796 1394 839 1425 K.
861 1394 974 1434 Quint.
995 1405 1024 1425 a.
1047 1404 1106 1434 707
1123 1394 1209 1435 (47).

595 1493 770 1524 CICERO
795 1494 966 1524 ATTICO
992 1493 1089 1525 SAL.

230 1584 292 1620 De
322 1582 423 1620 illius
451 1584 699 1621 Alexandrea
727 1582 903 1620 discessu
931 1582 1027 1619 1111111
1052 1583 1183 1620 adbuc
1211 1582 1389 1626 rumoris,
1414 1596 1503 1621 con·
1522 1593 1539 1620 1

174 1654 310 1697 traque
332 1648 467 1698 opinio
488 1650 602 1686 valde
629 1662 713 1686 esse
740 1648 986 1698 impeditum.
1049 1649 1189 1697 Itaque
1217 1662 1289 1686 nec
1315 1648 1438 1694 mitto,
1462 1656 1503 1686 ut

174 1713 465 1760 constitueram,
497 1714 730 1752 Ciceronem
761 1722 798 1752 et
829 1722 866 1752 te
896 1727 990 1763 rogo
1020 1721 1061 1751 ut
1092 1727 1154 1751 me
1185 1713 1276 1751 hinc
1306 1714 1500 1764 expedias.

174 1778 354 1827 Quodvis
375 1779 481 1817 enim
502 1779 739 1829 supplicium
760 1779 881 1817 levius
902 1787 960 1817 est
976 1780 1050 1816 hac
1071 1779 1356 1828 permansione.
1413 1781 1503 1817 Hac

172 1845 223 1882 de
250 1858 289 1882 re
313 1852 351 1882 et
374 1846 425 1882 ad
446 1845 667 1883 Antonium
695 1845 830 1894 scripsi
854 1853 892 1883 et
915 1846 966 1883 ad
988 1845 1158 1882 Balbum
1183 1852 1221 1882 et
1241 1845 1291 1882 ad
1313 1844 1500 1895 Oppium.

173 1909 261 1948 Sive
283 1910 387 1948 enim
411 1911 557 1948 bellum
580 1910 619 1948 in
644 1910 756 1948 Italia
776 1912 949 1948 futurum
971 1918 1028 1948 est
1050 1909 1130 1948 sive
1151 1909 1340 1948 classibus
1362 1919 1501 1957 utetur,

136 1988 150 2017 ς
174 1974 236 2012 hic
267 1988 351 2013 esse
382 1989 445 2013 me
475 1975 637 2013 minime
667 1975 876 2023 convenitg
906 1989 1075 2025 quorum
1105 1976 1268 2013 fortasse
1294 1983 1504 2026 utrumque

172 2040 253 2087 erit,
287 2042 451 2079 alterum
487 2049 602 2079 certe.
676 2041 855 2079 Intellexi
894 2041 1057 2079 omnino
1096 2054 1142 2079 ex
1178 2040 1284 2090 Oppi
1323 2054 1546 2081 sermone2

172 2118 291 2154 quem
319 2114 359 2144 tu
386 2106 480 2144 1111111
508 2106 694 2155 scripsisti
725 2120 825 2156 quae
852 2106 1014 2144 istorum
1043 2105 1097 2143 ira
1124 2114 1236 2153 esset,
1260 2108 1329 2145 sed
1350 2114 1391 2144 ut
1417 2121 1502 2145 eam

173 2172 306 2209 flectas
327 2179 365 2209 te
386 2185 490 2221 rogo.
552 2171 661 2208 Nihil
691 2171 855 2209 omnino
886 2171 962 2208 iam
991 2178 1174 2220 exspecto
1202 2171 1275 2209 nisi
1304 2172 1501 2219 miserum,

217 2284 236 2312 4
261 2285 303 2304 ne
320 2277 395 2304 ante
410 2274 548 2304 subeam
566 2274 639 2304 add.
664 2273 850 2314 [Wesenberg
970 2275 991 2304 6
1015 2275 1043 2303 si
1061 2278 1134 2304 ante
1149 2275 1327 2306 molestum
1344 2276 1436 2305 hahet
1453 2275 1500 2315 M,

176 2317 261 2347 unde
277 2319 407 2348 scilicet
424 2318 522 2348 Klotz
623 2318 663 2347 ab
679 2319 746 2349 secl.
763 2317 876 2348 Baiter
1009 2327 1046 2355 15
1072 2328 1143 2347 xvn
1162 2317 1256 2349 Man.
1276 2330 1282 2349 ε
1306 2329 1395 2348 xvm
1413 2319 1500 2350 codd.

173 2362 234 2399 qui
251 2360 317 2391 dies
339 2362 395 2391 illo
419 2361 548 2401 quidem
573 2365 711 2400 tempore
736 2362 849 2391 nullus
864 2361 935 2400 sm't
1066 2371 1106 2400 27
1132 2362 1178 2392 ira
1198 2362 1232 2393 C.
1249 2362 1283 2393 F.
1300 2362 1479 2392 Hermann
1497 2374 1503 2393 :

177 2405 225 2434 via
242 2404 280 2434 M
