1742 2651
73 90 168 126 XII.

116 419 119 423 ¹
159 407 177 434 1

154 1381 178 1417 3

162 2037 179 2063 1

191 89 220 125 li
566 90 621 127 M.
653 90 821 126 TVLLI
853 88 1158 128 CICERONIS

240 218 300 252 LI
474 220 542 252 Scr.
563 222 596 250 2'11
619 221 936 252 T12<c11la110.1·1'1'2·K.
954 221 1030 252 Iun.
1049 233 1078 251 a.
1100 231 1157 260 7¹²9
1177 222 1257 263 (45).

604 310 775 340 CICERO
809 309 989 339 ⁴ITTICO
1019 309 1125 340 SAL.

249 398 437 437 Tironem
460 400 588 437 habeo
610 399 724 437 citius
745 413 863 448 quam
886 399 1057 437 verebar.
1099 398 1217 436 Venit
1238 398 1355 436 etiam
1377 398 1522 445 Nicias,

195 471 232 501 et
272 463 472 502 Valerium
512 463 632 501 hodie
670 463 881 501 audiebam
921 476 1006 501 esse
1044 470 1262 500 venturum.
1333 462 1524 510 Quamvis

195 528 306 565 multi
328 528 418 575 sint,
440 528 560 578 magis
582 536 713 566 tamen
734 541 800 566 ero
821 530 927 566 solus
948 541 1066 577 quam
1095 527 1126 564 si
1150 541 1250 565 unus
1272 540 1386 565 esses.
1446 528 1524 564 Sed
1545 540 1561 570 5

195 600 379 642 exspecto
405 600 452 638 te,
476 606 498 630 a
523 594 731 630 Peducaeo
759 592 904 641 utique,
930 600 970 629 tu
996 600 1127 629 autem
1153 591 1346 641 significas
1376 591 1524 640 aliquid

196 657 313 694 etiam
334 664 435 695 ante.
495 658 643 695 Verum
664 656 704 695 id
726 657 887 706 quidem
908 664 950 694 ut
972 655 1126 706 poteris.

253 724 313 760 De
335 722 518 772 Vergilio,
546 731 587 760 ut
615 722 760 761 scribis.
824 724 915 760 Hoc
943 730 1074 760 tamen
1102 721 1218 759 velim
1243 722 1340 760 scire
1364 723 1524 771 quando

195 787 335 825 auctio.
398 787 617 838 Epistulam
648 789 699 826 ad
731 789 940 827 Caesarem
974 787 1073 824 mitti
1107 786 1223 824 video
1255 787 1324 824 tibi
1358 788 1522 836 placere.

196 852 305 900 Quid
327 852 510 901 quaeris?
539 852 634 890 mihi
655 866 814 902 quoque
836 854 912 890 hoc
937 852 1042 890 idem
1065 851 1232 889 maxime
1253 851 1397 901 placuit
1418 860 1455 889 et
1477 865 1524 890 eo

196 917 318 966 magis
339 918 447 966 quod
476 917 571 955 nihil
598 925 656 956 est
683 917 723 955 in
750 931 796 955 ea
823 917 895 955 nisi
923 916 1061 967 optimi
1082 916 1187 963 civis,
1211 917 1280 954 sed
1307 916 1359 953 ita
1386 916 1523 966 optimi

196 990 238 1020 ut
277 990 477 1033 tempora;
519 983 663 1033 quibus
702 997 836 1032 parere
870 996 1008 1021 onmes
1046 983 1230 1020 πολιτικοὶ
1268 981 1521 1032 praecipiunt.

197 1049 274 1086 Sed
306 1047 380 1086 scis
413 1048 464 1086 ita
498 1048 613 1086 nobis
648 1062 733 1086 esse
767 1048 892 1086 visum
932 1055 974 1085 ut
1008 1047 1070 1085 isti
1099 1055 1191 1086 ante
1220 1049 1401 1096 legerent.
1461 1049 1523 1085 Tu

197 1112 310 1162 igitur
331 1112 370 1151 id
391 1112 555 1151 curabis.
616 1114 694 1151 Sed
719 1113 792 1150 nisi
817 1115 932 1163 plane
959 1112 1005 1150 iis
1032 1112 1232 1162 intelleges
1254 1114 1418 1162 placere,
1442 1112 1525 1149 mit-

196 1178 316 1215 tenda
336 1191 416 1215 non
437 1185 505 1216 est.
567 1179 615 1216 Id
641 1185 773 1216 autem
802 1185 931 1215 utrum
952 1177 1005 1214 illi
1027 1177 1197 1215 sentiant
1217 1191 1320 1215 anne
1341 1177 1525 1215 simulent
1568 1191 1584 1220 5

196 1249 237 1280 tu
286 1242 497 1292 intelleges.
576 1242 679 1280 Mihi
726 1242 926 1280 simulatio
969 1256 1040 1292 pro
1079 1242 1351 1292 repudiatione
1399 1242 1522 1280 fuerit.

195 1311 313 1346 Τοῦτο
341 1308 379 1346 δὲ
407 1308 580 1358 μηλώσῃ.

253 1375 313 1411 De
328 1372 519 1412 Caerellia
540 1372 636 1422 quid
656 1372 726 1410 tibi
748 1374 918 1422 placeret
938 1372 1032 1411 Tiro
1049 1373 1145 1410 mihi
1162 1372 1350 1419 narravit3
1380 1372 1525 1410 debere

197 1451 276 1475 non
297 1452 383 1476 esse
403 1438 603 1488 dignitatis
624 1452 745 1484 meae,
769 1438 1092 1488 perscriptionem
1114 1438 1184 1476 tibi
1206 1440 1382 1488 placere:

330 1506 340 1522 ‘
359 1504 451 1541 Hoc
482 1503 666 1548 metuere,
698 1505 862 1541 alterum
894 1505 933 1541 1'n
964 1511 1070 1541 metu
1101 1517 1181 1541 non
1212 1504 1382 1553 poneres

197 1569 274 1606 Sed
296 1575 333 1606 et
354 1569 451 1606 haec
472 1576 510 1606 et
532 1570 654 1605 multa
673 1568 748 1605 alia
771 1582 914 1606 coram.
978 1568 1217 1607 Sustinenda
1237 1576 1380 1614 tamen,
1404 1567 1434 1604 si
1455 1566 1524 1604 tibi

197 1632 402 1680 videbitur,
425 1633 569 1671 solutio
590 1640 647 1671 est
669 1633 839 1671 nominis
861 1634 1094 1673 Caerelliani
1115 1635 1210 1672 dum
1232 1641 1269 1672 et
1290 1635 1340 1671 de
1363 1635 1526 1671 Metone

197 1706 235 1736 et
255 1700 305 1736 de
328 1698 492 1737 Faberio
512 1698 691 1737 sciamus.

242 1845 326 1880 LII
473 1847 541 1880 Ser.
561 1849 594 1878 in
617 1848 805 1880 Tusculano
821 1850 869 1879 xii
882 1850 925 1881 K.
944 1849 1019 1880 Iun*
1038 1860 1066 1880 a.
1090 1860 1148 1889 709
1167 1850 1247 1890 (455.

599 1937 769 1968 CICERO
803 1938 984 1968 ATTICO
1017 1938 1121 1968 SAL.

253 2027 295 2063 L.
329 2024 504 2062 Tullium
546 2027 785 2064 Montanum
832 2025 934 2063 nosti
976 2025 1043 2075 qui
1082 2039 1172 2064 cum
1212 2025 1404 2065 Cicerone
1442 2039 1526 2075 pro-

198 2092 322 2128 fectus
349 2098 417 2128 est.
477 2090 541 2128 Ab
569 2091 652 2129 eius
682 2090 823 2128 sororis
844 2090 925 2128 viro
952 2090 1096 2128 litteras
1123 2091 1257 2141 accepi
1288 2093 1525 2129 Montanum

200 2157 346 2193 Planco
367 2156 523 2202 debere,
547 2157 654 2205 quod
686 2170 796 2206 praes
816 2169 886 2205 pro
909 2156 1104 2193 Flaminio
1125 2156 1185 2201 sit,
1208 2158 1277 2194 HS
1296 2157 1382 2197 fi:
1411 2158 1461 2194 de
1482 2170 1527 2194 ea

200 2234 239 2257 re
270 2219 403 2258 nescio
433 2220 529 2269 quid
560 2229 596 2258 te
628 2234 650 2258 a
683 2222 879 2258 Montano
909 2228 1096 2269 rogatum.
1158 2222 1258 2259 Sane
1288 2221 1414 2268 velim,
1447 2221 1528 2258 sive

245 2333 263 2362 5
286 2327 358 2363 post
373 2324 401 2353 si
419 2323 494 2354 add.
515 2329 549 2353 tu
566 2324 699 2354 Ernesti
798 2334 835 2353 12
854 2327 930 2363 post
946 2329 979 2354 ut
997 2323 1072 2354 add.
1089 2329 1168 2354 sunt
1186 2323 1302 2364 Moser,
1323 2324 1396 2355 add.
1418 2324 1528 2355 ferunt

202 2367 326 2397 Muller
396 2377 431 2405 13
449 2367 514 2396 scis
529 2368 573 2397 ita
585 2362 628 2395 Zb
641 2367 661 2396 I
672 2367 699 2396 L
715 2368 839 2407 (mmg.
866 2379 872 2397 :
897 2367 924 2397 si
938 2366 988 2396 M¹
1008 2379 1014 2397 :
1040 2368 1122 2398 scito
1137 2368 1182 2398 ita
1192 2366 1250 2397 M'2
1323 2378 1358 2406 17
1377 2368 1527 2407 μηλὼσῃ]

202 2410 269 2448 μυΐ’
285 2410 345 2450 ὅση
362 2410 443 2440 Ellis
461 2411 527 2441 coll.
549 2410 709 2440 Hemnda
727 2411 746 2441 i.
770 2421 807 2449 15
952 2412 994 2440 28
1019 2420 1086 2441 xxv
1103 2410 1225 2441 Rosius
1237 2411 1304 2442 coll.
1322 2412 1388 2442 xvi.
1414 2421 1462 2450 15.
1484 2422 1504 2450 5

1547 866 1584 887 10
