1742 2651
110 101 180 138 XI.
206 101 266 138 vii
586 106 641 141 M.
673 105 842 142 TVLLI
875 105 1180 144 CICERONIS

217 221 347 251 essent
372 215 511 263 palam.
584 215 632 252 Id
664 214 737 252 sibi
770 227 850 251 non
884 215 1036 263 placere
1070 227 1120 251 ne
1155 213 1221 263 qui
1254 222 1384 252 motus
1415 228 1462 252 ex
1494 227 1544 253 eo

218 278 379 326 fierent3
410 278 687 328 prohiberique
708 278 836 315 omnis
860 278 972 315 Italia
999 277 1071 315 nisi
1093 291 1259 327 quorum
1282 278 1364 327 ipse
1385 291 1543 316 causam

216 343 487 391 cognovissem
516 344 646 392 deque
671 357 719 381 eo
747 342 1018 381 vehementius
1043 351 1123 380 erat
1144 343 1343 392 scriptum.
1404 344 1544 392 Itaque

215 408 412 446 Antonius
452 409 609 458 petebat
643 422 665 445 a
701 421 763 445 me
803 421 870 457 per
909 407 1053 445 litteras
1088 415 1129 445 ut
1164 407 1237 445 sibi
1274 407 1545 456 ignoscerem3

215 474 340 510 facere
367 487 408 510 se
436 487 515 509 non
544 486 658 522 posse
680 472 775 521 quin
804 472 848 509 iis
877 472 1011 509 litteris
1033 480 1193 522 pareret.
1253 474 1358 509 Tum
1380 473 1431 510 ad
1453 485 1542 509 eum
1565 486 1580 516 5

215 536 300 575 misi
333 539 374 575 L.
400 537 576 575 Lamiam
599 537 665 586 qui
693 539 978 575 demonstraret
1004 537 1112 574 illum
1140 538 1371 575 Dolabellae
1400 537 1544 574 dixisse

214 610 254 639 ut
285 603 335 640 ad
366 615 429 640 me
456 602 641 640 scriberet
672 610 713 640 ut
742 602 781 639 in
814 602 968 640 Italiam
999 616 1117 651 quam
1149 603 1317 651 primum
1345 602 1544 649 veniremj

212 668 295 705 eius
317 681 379 706 me
400 667 534 705 litteris
556 668 718 706 venisse.
779 670 883 705 Tum
905 667 968 705 ille
989 667 1108 705 edixit
1129 667 1181 705 ita
1202 675 1243 705 ut
1264 681 1328 705 me
1348 667 1543 717 exciperet

212 740 249 770 et
282 733 458 770 Laelium
490 733 734 771 nominatim.
798 734 920 782 Quod
941 746 1034 771 sane
1055 734 1201 771 nollem
1217 748 1227 780 3
1255 740 1407 783 poterat
1436 732 1542 771 enim

213 798 295 836 sine
317 798 478 836 nomine
498 812 557 836 res
579 798 663 848 ipsa
683 799 819 848 excipi.
1564 811 1603 834 10

169 870 193 906 3
267 864 303 901 O
338 865 479 901 multas
513 871 551 901 et
584 863 708 913 gravis
748 863 1011 902 offensiones!
1055 877 1152 912 quas
1192 863 1352 913 quidem
1392 870 1433 900 tu
1472 864 1542 900 das

211 941 370 977 operam
402 936 442 966 ut
473 928 606 975 lenias,
639 942 711 966 nec
742 937 874 966 tamen
904 929 999 966 nihil
1031 928 1197 978 proficis,
1230 928 1325 977 quin
1356 929 1431 966 hoc
1457 928 1542 978 ipso

212 993 354 1030 minuis
375 995 552 1031 dolorem
575 1007 718 1040 meum,
743 995 851 1043 quod
876 1002 917 1031 ut
943 993 1096 1031 minuas
1121 1002 1200 1031 tam
1222 994 1336 1031 valde
1363 994 1541 1037 laboras3

211 1057 330 1107 idque
360 1058 475 1096 velim
507 1072 556 1097 ne
584 1072 741 1108 gravere
769 1072 887 1108 quam
915 1059 1142 1108 saepissime
1167 1060 1303 1097 facere.
1367 1058 1541 1096 Maxime

209 1131 340 1161 autem
361 1125 579 1173 adsequere
600 1126 709 1174 quod
723 1124 789 1172 vis,
809 1125 838 1162 si
861 1138 923 1162 me
943 1124 1152 1162 adduxeris
1174 1132 1215 1162 ut
1237 1124 1455 1162 existimem
1478 1137 1540 1161 me
1564 1136 1601 1166 15

210 1187 404 1225 bonorum
438 1189 626 1227 iudicium
659 1203 739 1227 non
774 1190 949 1227 funditus
982 1189 1209 1239 perdidisse.
1286 1191 1540 1239 Quamquam

209 1253 305 1302 quid
326 1262 366 1290 tu
389 1253 428 1290 in
449 1267 496 1292 eo
518 1256 660 1303 potes?
718 1254 826 1292 Nihil
847 1255 1005 1292 scilicet.
1066 1255 1144 1292 Sed
1169 1255 1199 1292 si
1231 1255 1327 1304 quid
1349 1268 1408 1292 res
1429 1253 1539 1292 dabit

208 1318 278 1355 tibi
301 1319 504 1366 facultatis,
528 1320 567 1358 id
599 1333 661 1358 me
687 1320 855 1358 maxime
882 1321 1076 1359 consolari
1097 1320 1265 1371 poterit;
1295 1322 1403 1370 quod
1434 1334 1540 1358 nunc

207 1383 367 1432 quidem
390 1384 506 1422 video
527 1398 607 1422 non
629 1399 714 1423 esse
735 1387 815 1431 sed,
839 1385 869 1423 si
891 1386 997 1435 quid,
1021 1400 1068 1424 ex
1089 1386 1248 1432 eventis,
1273 1394 1314 1423 ut
1336 1387 1412 1423 hoc
1433 1399 1539 1423 nunc

206 1448 359 1486 accidit.
424 1449 593 1487 Dicebar
622 1451 807 1489 debuisse
837 1464 927 1488 curn
961 1451 1152 1501 Pompeio
1185 1451 1389 1500 proficisci.
1453 1451 1539 1488 Exi·
1561 1463 1600 1484 20

207 1521 267 1550 tus
303 1513 403 1551 illius
439 1514 578 1552 minuit
614 1515 696 1553 eius
732 1516 832 1553 offici
876 1516 1134 1565 praetermissi
1179 1516 1535 1565 reprehensionem.

207 1580 284 1616 Sed
312 1593 358 1616 ex
384 1580 570 1618 omnibus
599 1580 693 1617 nihil
720 1581 841 1629 magis
870 1589 1000 1619 tamen
1031 1582 1275 1620 desideratur
1293 1595 1409 1630 qnam
1430 1581 1538 1630 quod

207 1643 245 1680 in
278 1644 450 1681 Africam
484 1658 565 1682 non
597 1645 715 1683 ierim.
779 1645 933 1684 Iudicio
969 1648 1045 1685 hoc
1081 1660 1167 1684 sum
1200 1660 1304 1693 usus,
1341 1659 1421 1684 non
1453 1658 1538 1683 esse

207 1709 379 1747 barbaris
413 1710 563 1747 auxiliis
594 1710 865 1749 fallacissimae
899 1712 1024 1762 gentis
1057 1726 1138 1750 rem
1173 1711 1372 1762 publicam
1407 1711 1539 1749 defen-

206 1774 392 1821 dendam,
415 1775 640 1824 praesertim
663 1784 798 1813 contra
822 1777 1034 1815 exercitum
1057 1790 1173 1826 saepe
1194 1777 1392 1815 victorem.
1443 1776 1537 1813 Non
1559 1784 1598 1816 25

207 1840 375 1889 probant
404 1842 591 1888 fortasse:
622 1843 767 1880 multos
799 1842 904 1881 enim
926 1843 1028 1881 viros
1055 1843 1183 1881 bonos
1208 1843 1247 1880 in
1274 1841 1448 1880 Africam
1478 1855 1539 1879 ve-

207 1905 310 1944 nisse
338 1906 458 1943 audio
487 1914 525 1944 et
557 1906 639 1945 scio
671 1907 789 1945 fuisse
819 1916 945 1946 antea.
1006 1909 1133 1946 Valde
1163 1909 1239 1945 hoc
1269 1909 1357 1945 loco
1386 1919 1534 1955 urgeor.

209 1972 287 2010 Hic
308 1986 467 2022 quoque
484 1986 583 2022 opus
605 1981 661 2011 est
684 1987 786 2019 casu,
807 1980 851 2010 ut
868 1973 987 2023 aliqui
1009 1973 1085 2011 sint
1106 1987 1152 2011 ex
1173 1972 1227 2011 eis
1247 1980 1326 2019 aut,
1343 1971 1372 2009 si
1394 1978 1534 2021 potest,

206 2052 344 2076 omnes
379 2038 445 2088 qui
487 2040 652 2077 salutem
693 2047 946 2089 anteponant.
1014 2040 1117 2076 Nam
1153 2038 1183 2076 si
1218 2045 1464 2088 perseverant
1499 2044 1536 2074 et

206 2103 397 2150 obtinent,
421 2103 517 2153 quid
544 2104 659 2141 nobis
687 2105 859 2141 futurum
885 2103 932 2141 sit
953 2103 1072 2142 vides.
1134 2103 1263 2149 Dices,
1288 2101 1421 2150 ‘Quid
1449 2101 1534 2147 illis,
1556 2111 1596 2142 30

207 2167 237 2205 si
259 2168 348 2206 victi
370 2177 481 2206 erunt
498 2171 535 2206 ?'
586 2168 804 2207 Honestior
824 2176 881 2206 est
902 2169 1025 2218 plaga.
1082 2170 1195 2206 Haec
1217 2181 1278 2205 me
1300 2165 1532 2204 excruciant.

253 2283 294 2302 22
318 2272 440 2311 magis]
465 2272 572 2302 malim
593 2272 647 2301 M1
738 2282 837 2311 quam
855 2271 928 2302 add.
949 2275 1018 2302 velt.
1137 2272 1178 2300 28
1203 2275 1237 2300 ut
1255 2269 1330 2300 add.
1348 2270 1374 2299 L
1394 2269 1536 2309 (minag.)

208 2320 282 2346 aitte
297 2316 365 2345 sint
383 2315 457 2346 add.
475 2316 501 2345 si
521 2315 643 2352 Baiter.
662 2319 735 2346 ante
752 2315 852 2354 aliqui
869 2314 992 2345 Sclit'ilz
