<?xml version="1.0" encoding="UTF-8"?>
<!DOCTYPE html PUBLIC "-//W3C//DTD XHTML 1.0 Transitional//EN"
    "http://www.w3.org/TR/xhtml1/DTD/xhtml1-transitional.dtd">
<html xmlns="http://www.w3.org/1999/xhtml" xml:lang="en" lang="en">
 <head>
  <title>
</title>
<meta http-equiv="Content-Type" content="text/html;charset=utf-8" />
  <meta name='ocr-system' content='tesseract 3.04.00' />
  <meta name='ocr-capabilities' content='ocr_page ocr_carea ocr_par ocr_line ocrx_word'/>
</head>
<body>
  <div class='ocr_page' id='page_1' title='image "./p2epistulaerecog02ciceuoft_0132.png"; bbox 0 0 1742 2651; ppageno 0'>
   <div class='ocr_carea' id='block_1_1' title="bbox 74 80 1182 119">
    <p class='ocr_par' dir='ltr' id='par_1_1' title="bbox 74 80 1182 119">
     <span class='ocr_line' id='line_1_1' title="bbox 74 80 1182 119; baseline -0.001 -1"><span class='ocrx_word' id='word_1_1' title='bbox 74 83 166 119; x_wconf 77' lang='lat' dir='ltr'>XII.</span> <span class='ocrx_word' id='word_1_2' title='bbox 186 81 264 118; x_wconf 83' lang='lat' dir='ltr'>xvi</span> <span class='ocrx_word' id='word_1_3' title='bbox 584 81 638 116; x_wconf 83' lang='lat' dir='ltr'>M.</span> <span class='ocrx_word' id='word_1_4' title='bbox 672 80 839 116; x_wconf 76' lang='lat' dir='ltr'>TVLLI</span> <span class='ocrx_word' id='word_1_5' title='bbox 873 80 1182 117; x_wconf 77' lang='lat' dir='ltr'>CICERONIS</span> 
     </span>
    </p>
   </div>
   <div class='ocr_carea' id='block_1_2' title="bbox 222 189 1614 814">
    <p class='ocr_par' dir='ltr' id='par_1_2' title="bbox 222 189 1614 814">
     <span class='ocr_line' id='line_1_2' title="bbox 223 189 1548 241; baseline -0.002 -11"><span class='ocrx_word' id='word_1_6' title='bbox 223 193 315 230; x_wconf 89' lang='lat' dir='ltr'>dem</span> <span class='ocrx_word' id='word_1_7' title='bbox 337 205 358 229; x_wconf 83' lang='grc'><strong>6</strong></span> <span class='ocrx_word' id='word_1_8' title='bbox 379 198 595 241; x_wconf 87' lang='lat' dir='ltr'>conspectu</span> <span class='ocrx_word' id='word_1_9' title='bbox 618 199 698 231; x_wconf 82' lang='lat' dir='ltr'>tuo.</span> <span class='ocrx_word' id='word_1_10' title='bbox 721 190 793 228; x_wconf 80' lang='lat' dir='ltr'>nisi</span> <span class='ocrx_word' id='word_1_11' title='bbox 817 204 878 228; x_wconf 91' lang='lat' dir='ltr'>me</span> <span class='ocrx_word' id='word_1_12' title='bbox 900 192 1015 240; x_wconf 81' lang='lat' dir='ltr'>plane</span> <span class='ocrx_word' id='word_1_13' title='bbox 1036 190 1132 227; x_wconf 85' lang='lat' dir='ltr'>nihil</span> <span class='ocrx_word' id='word_1_14' title='bbox 1154 191 1232 228; x_wconf 82' lang='lat' dir='ltr'>ulla</span> <span class='ocrx_word' id='word_1_15' title='bbox 1252 204 1311 227; x_wconf 89' lang='lat' dir='ltr'>res</span> <span class='ocrx_word' id='word_1_16' title='bbox 1337 189 1548 228; x_wconf 84' lang='lat' dir='ltr'>adiuvaret.</span> 
     </span>
     <span class='ocr_line' id='line_1_3' title="bbox 225 254 1552 304; baseline -0.002 -10"><span class='ocrx_word' id='word_1_17' title='bbox 225 257 344 304; x_wconf 86' lang='lat' dir='ltr'>Quod</span> <span class='ocrx_word' id='word_1_18' title='bbox 367 256 397 293; x_wconf 81' lang='lat' dir='ltr'>si</span> <span class='ocrx_word' id='word_1_19' title='bbox 423 264 523 294; x_wconf 79' lang='lat' dir='ltr'>esset</span> <span class='ocrx_word' id='word_1_20' title='bbox 550 255 711 304; x_wconf 77' lang='lat' dir='ltr'>aliquod</span> <span class='ocrx_word' id='word_1_21' title='bbox 742 256 934 301; x_wconf 72' lang='lat' dir='ltr'>levamen,</span> <span class='ocrx_word' id='word_1_22' title='bbox 955 254 995 292; x_wconf 90' lang='lat' dir='ltr'>id</span> <span class='ocrx_word' id='word_1_23' title='bbox 1023 262 1124 292; x_wconf 85' lang='lat' dir='ltr'>esset</span> <span class='ocrx_word' id='word_1_24' title='bbox 1151 254 1190 292; x_wconf 92' lang='lat' dir='ltr'>in</span> <span class='ocrx_word' id='word_1_25' title='bbox 1218 262 1255 292; x_wconf 82' lang='lat' dir='ltr'>te</span> <span class='ocrx_word' id='word_1_26' title='bbox 1283 268 1373 300; x_wconf 66' lang='grc' dir='ltr'>ωηο,</span> <span class='ocrx_word' id='word_1_27' title='bbox 1397 262 1434 292; x_wconf 87' lang='lat' dir='ltr'>et</span> <span class='ocrx_word' id='word_1_28' title='bbox 1461 268 1552 292; x_wconf 87' lang='lat' dir='ltr'>cum</span> 
     </span>
     <span class='ocr_line' id='line_1_4' title="bbox 223 319 1552 371; baseline -0.002 -13"><span class='ocrx_word' id='word_1_29' title='bbox 223 320 392 371; x_wconf 88' lang='lat' dir='ltr'>primum</span> <span class='ocrx_word' id='word_1_30' title='bbox 432 321 483 358; x_wconf 89' lang='lat' dir='ltr'>ab</span> <span class='ocrx_word' id='word_1_31' title='bbox 521 320 654 369; x_wconf 85' lang='lat' dir='ltr'>aliquo</span> <span class='ocrx_word' id='word_1_32' title='bbox 690 319 829 369; x_wconf 88' lang='lat' dir='ltr'>poterit</span> <span class='ocrx_word' id='word_1_33' title='bbox 866 333 960 365; x_wconf 89' lang='lat' dir='ltr'>esse,</span> <span class='ocrx_word' id='word_1_34' title='bbox 994 333 1017 356; x_wconf 92' lang='lat' dir='ltr'>a</span> <span class='ocrx_word' id='word_1_35' title='bbox 1052 327 1089 356; x_wconf 83' lang='lat' dir='ltr'>te</span> <span class='ocrx_word' id='word_1_36' title='bbox 1123 319 1203 357; x_wconf 89' lang='lat' dir='ltr'>erit.</span> <span class='ocrx_word' id='word_1_37' title='bbox 1264 321 1381 356; x_wconf 89' lang='lat' dir='ltr'>Nunc</span> <span class='ocrx_word' id='word_1_38' title='bbox 1421 326 1552 357; x_wconf 89' lang='lat' dir='ltr'>tamen</span> 
     </span>
     <span class='ocr_line' id='line_1_5' title="bbox 223 383 1554 436; baseline -0.002 -13"><span class='ocrx_word' id='word_1_39' title='bbox 223 386 351 436; x_wconf 88' lang='lat' dir='ltr'>ipsum</span> <span class='ocrx_word' id='word_1_40' title='bbox 383 385 466 423; x_wconf 81' lang='lat' dir='ltr'>sine</span> <span class='ocrx_word' id='word_1_41' title='bbox 488 393 525 423; x_wconf 86' lang='lat' dir='ltr'>te</span> <span class='ocrx_word' id='word_1_42' title='bbox 546 399 631 423; x_wconf 85' lang='lat' dir='ltr'>esse</span> <span class='ocrx_word' id='word_1_43' title='bbox 660 399 738 422; x_wconf 92' lang='lat' dir='ltr'>non</span> <span class='ocrx_word' id='word_1_44' title='bbox 767 398 939 433; x_wconf 85' lang='lat' dir='ltr'>possum.</span> <span class='ocrx_word' id='word_1_45' title='bbox 1001 385 1079 421; x_wconf 84' lang='lat' dir='ltr'>Sed</span> <span class='ocrx_word' id='word_1_46' title='bbox 1110 398 1182 421; x_wconf 90' lang='lat' dir='ltr'>nec</span> <span class='ocrx_word' id='word_1_47' title='bbox 1213 392 1301 422; x_wconf 87' lang='lat' dir='ltr'>tuae</span> <span class='ocrx_word' id='word_1_48' title='bbox 1331 383 1437 422; x_wconf 88' lang='lat' dir='ltr'>domi</span> <span class='ocrx_word' id='word_1_49' title='bbox 1470 398 1554 434; x_wconf 84' lang='lat' dir='ltr'>pro-</span> 
     </span>
     <span class='ocr_line' id='line_1_6' title="bbox 223 449 1590 499; baseline 0 -10"><span class='ocrx_word' id='word_1_50' title='bbox 223 452 390 489; x_wconf 89' lang='lat' dir='ltr'>babatur</span> <span class='ocrx_word' id='word_1_51' title='bbox 420 465 492 488; x_wconf 79' lang='lat' dir='ltr'>nec</span> <span class='ocrx_word' id='word_1_52' title='bbox 524 464 634 488; x_wconf 86' lang='lat' dir='ltr'>meae</span> <span class='ocrx_word' id='word_1_53' title='bbox 666 458 841 499; x_wconf 87' lang='lat' dir='ltr'>poteram</span> <span class='ocrx_word' id='word_1_54' title='bbox 874 463 957 495; x_wconf 85' lang='lat' dir='ltr'>nec,</span> <span class='ocrx_word' id='word_1_55' title='bbox 982 449 1011 486; x_wconf 80' lang='lat' dir='ltr'>si</span> <span class='ocrx_word' id='word_1_56' title='bbox 1041 449 1200 499; x_wconf 89' lang='lat' dir='ltr'>propius</span> <span class='ocrx_word' id='word_1_57' title='bbox 1233 463 1356 487; x_wconf 86' lang='lat' dir='ltr'>essem</span> <span class='ocrx_word' id='word_1_58' title='bbox 1386 449 1553 499; x_wconf 78' lang='lat' dir='ltr'>uspiam,</span> <span class='ocrx_word' id='word_1_59' title='bbox 1573 458 1590 489; x_wconf 88' lang='lat'>5</span> 
     </span>
     <span class='ocr_line' id='line_1_7' title="bbox 224 513 1553 563; baseline -0.002 -10"><span class='ocrx_word' id='word_1_60' title='bbox 224 524 353 554; x_wconf 86' lang='lat' dir='ltr'>tecum</span> <span class='ocrx_word' id='word_1_61' title='bbox 386 523 516 553; x_wconf 89' lang='lat' dir='ltr'>tamen</span> <span class='ocrx_word' id='word_1_62' title='bbox 543 529 680 553; x_wconf 86' lang='lat' dir='ltr'>essem.</span> <span class='ocrx_word' id='word_1_63' title='bbox 742 516 855 552; x_wconf 89' lang='lat' dir='ltr'>Idem</span> <span class='ocrx_word' id='word_1_64' title='bbox 883 514 988 552; x_wconf 89' lang='lat' dir='ltr'>enim</span> <span class='ocrx_word' id='word_1_65' title='bbox 1019 522 1055 551; x_wconf 86' lang='lat' dir='ltr'>te</span> <span class='ocrx_word' id='word_1_66' title='bbox 1084 513 1289 563; x_wconf 87' lang='lat' dir='ltr'>impediret</span> <span class='ocrx_word' id='word_1_67' title='bbox 1317 528 1396 563; x_wconf 89' lang='lat' dir='ltr'>quo</span> <span class='ocrx_word' id='word_1_68' title='bbox 1424 513 1553 551; x_wconf 91' lang='lat' dir='ltr'>minus</span> 
     </span>
     <span class='ocr_line' id='line_1_8' title="bbox 224 578 1553 629; baseline -0.002 -11"><span class='ocrx_word' id='word_1_69' title='bbox 224 595 379 619; x_wconf 89' lang='lat' dir='ltr'>mecum</span> <span class='ocrx_word' id='word_1_70' title='bbox 402 594 520 627; x_wconf 77' lang='lat' dir='ltr'>esses,</span> <span class='ocrx_word' id='word_1_71' title='bbox 541 581 649 629; x_wconf 87' lang='lat' dir='ltr'>quod</span> <span class='ocrx_word' id='word_1_72' title='bbox 672 594 777 617; x_wconf 92' lang='lat' dir='ltr'>nunc</span> <span class='ocrx_word' id='word_1_73' title='bbox 799 579 915 618; x_wconf 82' lang='lat' dir='ltr'>etiam</span> <span class='ocrx_word' id='word_1_74' title='bbox 945 578 1120 628; x_wconf 87' lang='lat' dir='ltr'>impedit.</span> <span class='ocrx_word' id='word_1_75' title='bbox 1183 579 1282 616; x_wconf 84' lang='lat' dir='ltr'>Mihi</span> <span class='ocrx_word' id='word_1_76' title='bbox 1306 579 1401 616; x_wconf 82' lang='lat' dir='ltr'>nihil</span> <span class='ocrx_word' id='word_1_77' title='bbox 1422 580 1553 616; x_wconf 87' lang='lat' dir='ltr'>adhuc</span> 
     </span>
     <span class='ocr_line' id='line_1_9' title="bbox 222 643 1550 695; baseline -0.002 -11"><span class='ocrx_word' id='word_1_78' title='bbox 222 646 351 695; x_wconf 88' lang='lat' dir='ltr'>aptius</span> <span class='ocrx_word' id='word_1_79' title='bbox 374 645 443 683; x_wconf 85' lang='lat' dir='ltr'>fuit</span> <span class='ocrx_word' id='word_1_80' title='bbox 465 648 538 684; x_wconf 84' lang='lat' dir='ltr'>hac</span> <span class='ocrx_word' id='word_1_81' title='bbox 560 645 771 683; x_wconf 77' lang='lat' dir='ltr'>solitudine</span> <span class='ocrx_word' id='word_1_82' title='bbox 791 660 797 688; x_wconf 85' lang='lat'>;</span> <span class='ocrx_word' id='word_1_83' title='bbox 827 658 945 694; x_wconf 85' lang='lat' dir='ltr'>quam</span> <span class='ocrx_word' id='word_1_84' title='bbox 967 658 1102 682; x_wconf 73' lang='lat' dir='ltr'>vereor</span> <span class='ocrx_word' id='word_1_85' title='bbox 1128 658 1176 682; x_wconf 85' lang='lat' dir='ltr'>ne</span> <span class='ocrx_word' id='word_1_86' title='bbox 1199 643 1402 693; x_wconf 83' lang='lat' dir='ltr'>Philippus</span> <span class='ocrx_word' id='word_1_87' title='bbox 1431 645 1550 682; x_wconf 88' lang='lat' dir='ltr'>tollat.</span> 
     </span>
     <span class='ocr_line' id='line_1_10' title="bbox 225 708 1553 760; baseline -0.002 -11"><span class='ocrx_word' id='word_1_88' title='bbox 225 710 324 749; x_wconf 91' lang='lat' dir='ltr'>Heri</span> <span class='ocrx_word' id='word_1_89' title='bbox 359 710 464 748; x_wconf 91' lang='lat' dir='ltr'>enim</span> <span class='ocrx_word' id='word_1_90' title='bbox 497 710 647 760; x_wconf 81' lang='lat' dir='ltr'>vesperi</span> <span class='ocrx_word' id='word_1_91' title='bbox 680 717 848 748; x_wconf 76' lang='lat' dir='ltr'>venerat.</span> <span class='ocrx_word' id='word_1_92' title='bbox 911 711 980 747; x_wconf 89' lang='lat' dir='ltr'>Me</span> <span class='ocrx_word' id='word_1_93' title='bbox 1019 708 1178 759; x_wconf 86' lang='lat' dir='ltr'>scriptio</span> <span class='ocrx_word' id='word_1_94' title='bbox 1213 716 1251 746; x_wconf 89' lang='lat' dir='ltr'>et</span> <span class='ocrx_word' id='word_1_95' title='bbox 1285 708 1434 746; x_wconf 74' lang='lat' dir='ltr'>litterae</span> <span class='ocrx_word' id='word_1_96' title='bbox 1472 721 1553 747; x_wconf 91' lang='lat' dir='ltr'>non</span> 
     </span>
     <span class='ocr_line' id='line_1_11' title="bbox 223 775 1614 814; baseline -0.001 -1"><span class='ocrx_word' id='word_1_97' title='bbox 223 775 375 814; x_wconf 88' lang='lat' dir='ltr'>leniunt</span> <span class='ocrx_word' id='word_1_98' title='bbox 405 777 474 814; x_wconf 87' lang='lat' dir='ltr'>sed</span> <span class='ocrx_word' id='word_1_99' title='bbox 504 776 729 814; x_wconf 83' lang='lat' dir='ltr'>obturbant.</span> <span class='ocrx_word' id='word_1_100' title='bbox 1578 782 1614 804; x_wconf 87' lang='lat'>10</span> 
     </span>
    </p>
   </div>
   <div class='ocr_carea' id='block_1_3' title="bbox 267 882 1240 992">
    <p class='ocr_par' dir='ltr' id='par_1_3' title="bbox 267 882 1240 992">
     <span class='ocr_line' id='line_1_12' title="bbox 267 882 1240 925; baseline -0.002 -8"><span class='ocrx_word' id='word_1_101' title='bbox 267 882 402 917; x_wconf 84' lang='lat' dir='ltr'>XVII</span> <span class='ocrx_word' id='word_1_102' title='bbox 536 885 604 916; x_wconf 70' lang='lat' dir='ltr'>Ser.</span> <span class='ocrx_word' id='word_1_103' title='bbox 626 885 774 914; x_wconf 73' lang='lat' dir='ltr'>Asturae</span> <span class='ocrx_word' id='word_1_104' title='bbox 790 885 822 915; x_wconf 73' lang='lat' dir='ltr'>iv</span> <span class='ocrx_word' id='word_1_105' title='bbox 837 884 886 915; x_wconf 85' lang='lat' dir='ltr'>Id.</span> <span class='ocrx_word' id='word_1_106' title='bbox 907 885 1007 915; x_wconf 81' lang='lat' dir='ltr'>Mart.</span> <span class='ocrx_word' id='word_1_107' title='bbox 1029 895 1060 915; x_wconf 75' lang='lat' dir='ltr'>a.</span> <span class='ocrx_word' id='word_1_108' title='bbox 1082 894 1139 924; x_wconf 81' lang='lat'>709</span> <span class='ocrx_word' id='word_1_109' title='bbox 1160 884 1240 925; x_wconf 74' lang='lat'><em>(45).</em></span> 
     </span>
     <span class='ocr_line' id='line_1_13' title="bbox 627 960 1149 992; baseline -0.002 -1"><span class='ocrx_word' id='word_1_110' title='bbox 627 961 798 991; x_wconf 78' lang='lat' dir='ltr'>CICERO</span> <span class='ocrx_word' id='word_1_111' title='bbox 829 961 1012 992; x_wconf 73' lang='lat' dir='ltr'><em>ATTICO</em></span> <span class='ocrx_word' id='word_1_112' title='bbox 1043 960 1149 991; x_wconf 70' lang='lat' dir='ltr'>SAL.</span> 
     </span>
    </p>
   </div>
   <div class='ocr_carea' id='block_1_4' title="bbox 222 1039 1615 1801">
    <p class='ocr_par' dir='ltr' id='par_1_4' title="bbox 222 1039 1615 1801">
     <span class='ocr_line' id='line_1_14' title="bbox 279 1039 1554 1089; baseline -0.002 -11"><span class='ocrx_word' id='word_1_113' title='bbox 279 1041 505 1079; x_wconf 83' lang='lat' dir='ltr'>Marcianus</span> <span class='ocrx_word' id='word_1_114' title='bbox 526 1041 577 1078; x_wconf 86' lang='lat' dir='ltr'>ad</span> <span class='ocrx_word' id='word_1_115' title='bbox 600 1054 661 1077; x_wconf 86' lang='lat' dir='ltr'>me</span> <span class='ocrx_word' id='word_1_116' title='bbox 683 1039 833 1089; x_wconf 73' lang='lat' dir='ltr'>scripsit</span> <span class='ocrx_word' id='word_1_117' title='bbox 857 1053 918 1077; x_wconf 88' lang='lat' dir='ltr'>me</span> <span class='ocrx_word' id='word_1_118' title='bbox 940 1047 1167 1077; x_wconf 77' lang='lat' dir='ltr'>excusatum</span> <span class='ocrx_word' id='word_1_119' title='bbox 1189 1053 1273 1077; x_wconf 85' lang='lat' dir='ltr'>esse</span> <span class='ocrx_word' id='word_1_120' title='bbox 1294 1040 1400 1089; x_wconf 86' lang='lat' dir='ltr'>apud</span> <span class='ocrx_word' id='word_1_121' title='bbox 1422 1040 1554 1089; x_wconf 85' lang='lat' dir='ltr'>Appu-</span> 
     </span>
     <span class='ocr_line' id='line_1_15' title="bbox 224 1104 1550 1153; baseline -0.002 -10"><span class='ocrx_word' id='word_1_122' title='bbox 224 1105 341 1144; x_wconf 86' lang='lat' dir='ltr'>leium</span> <span class='ocrx_word' id='word_1_123' title='bbox 373 1120 393 1142; x_wconf 81' lang='lat' dir='ltr'>a</span> <span class='ocrx_word' id='word_1_124' title='bbox 424 1107 646 1149; x_wconf 82' lang='lat' dir='ltr'>Laterense,</span> <span class='ocrx_word' id='word_1_125' title='bbox 680 1106 852 1150; x_wconf 86' lang='lat' dir='ltr'>Nasone,</span> <span class='ocrx_word' id='word_1_126' title='bbox 886 1106 1069 1149; x_wconf 75' lang='lat' dir='ltr'>Laenate,</span> <span class='ocrx_word' id='word_1_127' title='bbox 1100 1106 1314 1153; x_wconf 82' lang='lat' dir='ltr'>Torquato,</span> <span class='ocrx_word' id='word_1_128' title='bbox 1348 1104 1550 1142; x_wconf 75' lang='lat' dir='ltr'>Strabone.</span> 
     </span>
     <span class='ocr_line' id='line_1_16' title="bbox 225 1168 1613 1219; baseline -0.001 -12"><span class='ocrx_word' id='word_1_129' title='bbox 225 1171 278 1208; x_wconf 90' lang='lat' dir='ltr'>Iis</span> <span class='ocrx_word' id='word_1_130' title='bbox 300 1170 416 1208; x_wconf 78' lang='lat' dir='ltr'>velim</span> <span class='ocrx_word' id='word_1_131' title='bbox 440 1184 529 1208; x_wconf 88' lang='lat' dir='ltr'>meo</span> <span class='ocrx_word' id='word_1_132' title='bbox 551 1169 711 1207; x_wconf 88' lang='lat' dir='ltr'>nomine</span> <span class='ocrx_word' id='word_1_133' title='bbox 734 1171 957 1207; x_wconf 87' lang='lat' dir='ltr'>reddendas</span> <span class='ocrx_word' id='word_1_134' title='bbox 985 1169 1129 1207; x_wconf 79' lang='lat' dir='ltr'>litteras</span> <span class='ocrx_word' id='word_1_135' title='bbox 1151 1183 1261 1207; x_wconf 89' lang='lat' dir='ltr'>cures</span> <span class='ocrx_word' id='word_1_136' title='bbox 1282 1176 1433 1219; x_wconf 77' lang='lat' dir='ltr'>gratum</span> <span class='ocrx_word' id='word_1_137' title='bbox 1457 1168 1552 1206; x_wconf 90' lang='lat' dir='ltr'>mihi</span> <span class='ocrx_word' id='word_1_138' title='bbox 1576 1184 1613 1216; x_wconf 89' lang='lat'>15</span> 
     </span>
     <span class='ocr_line' id='line_1_17' title="bbox 223 1233 1553 1283; baseline -0.002 -10"><span class='ocrx_word' id='word_1_139' title='bbox 223 1250 290 1273; x_wconf 84' lang='lat' dir='ltr'>eos</span> <span class='ocrx_word' id='word_1_140' title='bbox 312 1235 459 1273; x_wconf 86' lang='lat' dir='ltr'>fecisse.</span> <span class='ocrx_word' id='word_1_141' title='bbox 522 1236 643 1282; x_wconf 82' lang='lat' dir='ltr'>Quod</span> <span class='ocrx_word' id='word_1_142' title='bbox 665 1248 734 1283; x_wconf 88' lang='lat' dir='ltr'>pro</span> <span class='ocrx_word' id='word_1_143' title='bbox 757 1233 971 1273; x_wconf 84' lang='lat' dir='ltr'>Cornificio</span> <span class='ocrx_word' id='word_1_144' title='bbox 994 1248 1055 1272; x_wconf 88' lang='lat' dir='ltr'>me</span> <span class='ocrx_word' id='word_1_145' title='bbox 1076 1233 1221 1272; x_wconf 80' lang='lat' dir='ltr'>abhinc</span> <span class='ocrx_word' id='word_1_146' title='bbox 1245 1234 1413 1283; x_wconf 87' lang='lat' dir='ltr'>amplius</span> <span class='ocrx_word' id='word_1_147' title='bbox 1440 1233 1553 1271; x_wconf 88' lang='lat' dir='ltr'>annis</span> 
     </span>
     <span class='ocr_line' id='line_1_18' title="bbox 223 1298 1554 1350; baseline -0.002 -12"><span class='ocrx_word' id='word_1_148' title='bbox 223 1313 310 1338; x_wconf 79' lang='lat' dir='ltr'>XXV</span> <span class='ocrx_word' id='word_1_149' title='bbox 331 1299 592 1350; x_wconf 79' lang='lat' dir='ltr'>spopondisse</span> <span class='ocrx_word' id='word_1_150' title='bbox 614 1298 709 1337; x_wconf 89' lang='lat' dir='ltr'>dicit</span> <span class='ocrx_word' id='word_1_151' title='bbox 732 1299 900 1341; x_wconf 79' lang='lat' dir='ltr'>Flavius,</span> <span class='ocrx_word' id='word_1_152' title='bbox 922 1299 992 1337; x_wconf 86' lang='lat' dir='ltr'>etsi</span> <span class='ocrx_word' id='word_1_153' title='bbox 1021 1313 1107 1337; x_wconf 88' lang='lat' dir='ltr'>reus</span> <span class='ocrx_word' id='word_1_154' title='bbox 1135 1301 1310 1349; x_wconf 80' lang='lat' dir='ltr'>locuples</span> <span class='ocrx_word' id='word_1_155' title='bbox 1339 1306 1395 1336; x_wconf 90' lang='lat' dir='ltr'>est</span> <span class='ocrx_word' id='word_1_156' title='bbox 1418 1306 1455 1337; x_wconf 88' lang='lat' dir='ltr'>et</span> <span class='ocrx_word' id='word_1_157' title='bbox 1477 1301 1554 1348; x_wconf 84' lang='lat' dir='ltr'>Ap-</span> 
     </span>
     <span class='ocr_line' id='line_1_19' title="bbox 223 1363 1555 1415; baseline -0.002 -12"><span class='ocrx_word' id='word_1_158' title='bbox 223 1365 376 1415; x_wconf 86' lang='lat' dir='ltr'>puleius</span> <span class='ocrx_word' id='word_1_159' title='bbox 404 1364 625 1415; x_wconf 83' lang='lat' dir='ltr'>praediator</span> <span class='ocrx_word' id='word_1_160' title='bbox 652 1363 831 1409; x_wconf 85' lang='lat' dir='ltr'>liberalis,</span> <span class='ocrx_word' id='word_1_161' title='bbox 857 1371 988 1402; x_wconf 87' lang='lat' dir='ltr'>tamen</span> <span class='ocrx_word' id='word_1_162' title='bbox 1010 1363 1125 1401; x_wconf 86' lang='lat' dir='ltr'>velim</span> <span class='ocrx_word' id='word_1_163' title='bbox 1154 1365 1224 1402; x_wconf 89' lang='lat' dir='ltr'>des</span> <span class='ocrx_word' id='word_1_164' title='bbox 1250 1377 1409 1414; x_wconf 86' lang='lat' dir='ltr'>operam</span> <span class='ocrx_word' id='word_1_165' title='bbox 1438 1372 1479 1401; x_wconf 85' lang='lat' dir='ltr'>ut</span> <span class='ocrx_word' id='word_1_166' title='bbox 1501 1363 1555 1401; x_wconf 90' lang='lat' dir='ltr'>in-</span> 
     </span>
     <span class='ocr_line' id='line_1_20' title="bbox 222 1428 1554 1480; baseline -0.002 -12"><span class='ocrx_word' id='word_1_167' title='bbox 222 1430 389 1480; x_wconf 77' lang='lat' dir='ltr'>vestiges</span> <span class='ocrx_word' id='word_1_168' title='bbox 411 1444 456 1468; x_wconf 76' lang='lat' dir='ltr'>ex</span> <span class='ocrx_word' id='word_1_169' title='bbox 478 1442 793 1478; x_wconf 79' lang='lat' dir='ltr'>consponsorum</span> <span class='ocrx_word' id='word_1_170' title='bbox 821 1428 963 1466; x_wconf 88' lang='lat' dir='ltr'>tabulis</span> <span class='ocrx_word' id='word_1_171' title='bbox 985 1428 1085 1466; x_wconf 86' lang='lat' dir='ltr'>sitne</span> <span class='ocrx_word' id='word_1_172' title='bbox 1114 1428 1166 1466; x_wconf 86' lang='lat' dir='ltr'>ita</span> <span class='ocrx_word' id='word_1_173' title='bbox 1188 1428 1300 1479; x_wconf 88' lang='lat' dir='ltr'>(mihi</span> <span class='ocrx_word' id='word_1_174' title='bbox 1330 1428 1435 1466; x_wconf 89' lang='lat' dir='ltr'>enim</span> <span class='ocrx_word' id='word_1_175' title='bbox 1463 1436 1554 1466; x_wconf 86' lang='lat' dir='ltr'>ante</span> 
     </span>
     <span class='ocr_line' id='line_1_21' title="bbox 222 1493 1615 1534; baseline -0.004 -1"><span class='ocrx_word' id='word_1_176' title='bbox 222 1494 462 1534; x_wconf 82' lang='lat' dir='ltr'>aedilitatem</span> <span class='ocrx_word' id='word_1_177' title='bbox 486 1507 614 1532; x_wconf 88' lang='lat' dir='ltr'>meam</span> <span class='ocrx_word' id='word_1_178' title='bbox 637 1493 733 1530; x_wconf 89' lang='lat' dir='ltr'>nihil</span> <span class='ocrx_word' id='word_1_179' title='bbox 755 1501 835 1531; x_wconf 88' lang='lat' dir='ltr'>erat</span> <span class='ocrx_word' id='word_1_180' title='bbox 863 1507 952 1531; x_wconf 90' lang='lat' dir='ltr'>cum</span> <span class='ocrx_word' id='word_1_181' title='bbox 976 1493 1200 1532; x_wconf 87' lang='lat' dir='ltr'>Cornificio.</span> <span class='ocrx_word' id='word_1_182' title='bbox 1263 1495 1397 1531; x_wconf 88' lang='lat' dir='ltr'>Potest</span> <span class='ocrx_word' id='word_1_183' title='bbox 1422 1501 1554 1531; x_wconf 89' lang='lat' dir='ltr'>tamen</span> <span class='ocrx_word' id='word_1_184' title='bbox 1576 1505 1615 1527; x_wconf 86' lang='lat'>20</span> 
     </span>
     <span class='ocr_line' id='line_1_22' title="bbox 223 1557 1553 1608; baseline -0.003 -10"><span class='ocrx_word' id='word_1_185' title='bbox 223 1560 329 1602; x_wconf 80' lang='lat' dir='ltr'>fieri;</span> <span class='ocrx_word' id='word_1_186' title='bbox 369 1561 438 1597; x_wconf 87' lang='lat' dir='ltr'>sed</span> <span class='ocrx_word' id='word_1_187' title='bbox 469 1558 566 1597; x_wconf 90' lang='lat' dir='ltr'>scire</span> <span class='ocrx_word' id='word_1_188' title='bbox 596 1566 745 1596; x_wconf 86' lang='lat' dir='ltr'>certum</span> <span class='ocrx_word' id='word_1_189' title='bbox 776 1557 922 1605; x_wconf 77' lang='lat' dir='ltr'>velim),</span> <span class='ocrx_word' id='word_1_190' title='bbox 949 1566 987 1596; x_wconf 88' lang='lat' dir='ltr'>et</span> <span class='ocrx_word' id='word_1_191' title='bbox 1017 1560 1190 1608; x_wconf 84' lang='lat' dir='ltr'>appelles</span> <span class='ocrx_word' id='word_1_192' title='bbox 1221 1565 1490 1608; x_wconf 88' lang='lat' dir='ltr'>procuratores</span> <span class='ocrx_word' id='word_1_193' title='bbox 1523 1557 1553 1594; x_wconf 92' lang='lat' dir='ltr'>si</span> 
     </span>
     <span class='ocr_line' id='line_1_23' title="bbox 222 1622 1554 1672; baseline -0.002 -10"><span class='ocrx_word' id='word_1_194' title='bbox 222 1625 293 1662; x_wconf 90' lang='lat' dir='ltr'>tibi</span> <span class='ocrx_word' id='word_1_195' title='bbox 320 1624 482 1662; x_wconf 82' lang='lat' dir='ltr'>videtur.</span> <span class='ocrx_word' id='word_1_196' title='bbox 544 1624 798 1672; x_wconf 84' lang='lat' dir='ltr'>Quamquam</span> <span class='ocrx_word' id='word_1_197' title='bbox 829 1622 924 1672; x_wconf 91' lang='lat' dir='ltr'>quid</span> <span class='ocrx_word' id='word_1_198' title='bbox 957 1624 1007 1661; x_wconf 87' lang='lat' dir='ltr'>ad</span> <span class='ocrx_word' id='word_1_199' title='bbox 1038 1625 1130 1661; x_wconf 87' lang='lat' dir='ltr'>me?</span> <span class='ocrx_word' id='word_1_200' title='bbox 1188 1624 1335 1660; x_wconf 87' lang='lat' dir='ltr'>Verum</span> <span class='ocrx_word' id='word_1_201' title='bbox 1367 1630 1554 1660; x_wconf 68' lang='lat' dir='ltr'>tamen-</span> 
     </span>
     <span class='ocr_line' id='line_1_24' title="bbox 224 1687 1553 1738; baseline -0.003 -10"><span class='ocrx_word' id='word_1_202' title='bbox 224 1692 375 1728; x_wconf 87' lang='lat' dir='ltr'>Pansae</span> <span class='ocrx_word' id='word_1_203' title='bbox 410 1687 695 1738; x_wconf 88' lang='lat' dir='ltr'>profectionem</span> <span class='ocrx_word' id='word_1_204' title='bbox 729 1687 874 1726; x_wconf 84' lang='lat' dir='ltr'>scribes</span> <span class='ocrx_word' id='word_1_205' title='bbox 907 1701 997 1725; x_wconf 88' lang='lat' dir='ltr'>cum</span> <span class='ocrx_word' id='word_1_206' title='bbox 1031 1687 1139 1726; x_wconf 81' lang='lat' dir='ltr'>scieS.</span> <span class='ocrx_word' id='word_1_207' title='bbox 1199 1687 1372 1725; x_wconf 87' lang='lat' dir='ltr'>Atticam</span> <span class='ocrx_word' id='word_1_208' title='bbox 1407 1688 1553 1725; x_wconf 82' lang='lat' dir='ltr'>salvere</span> 
     </span>
     <span class='ocr_line' id='line_1_25' title="bbox 223 1751 1442 1801; baseline -0.002 -9"><span class='ocrx_word' id='word_1_209' title='bbox 223 1754 314 1792; x_wconf 89' lang='lat' dir='ltr'>iube</span> <span class='ocrx_word' id='word_1_210' title='bbox 339 1761 376 1792; x_wconf 87' lang='lat' dir='ltr'>et</span> <span class='ocrx_word' id='word_1_211' title='bbox 402 1767 488 1792; x_wconf 90' lang='lat' dir='ltr'>eam</span> <span class='ocrx_word' id='word_1_212' title='bbox 515 1767 616 1799; x_wconf 82' lang='lat' dir='ltr'>cura,</span> <span class='ocrx_word' id='word_1_213' title='bbox 641 1753 816 1798; x_wconf 88' lang='lat' dir='ltr'>obsecro,</span> <span class='ocrx_word' id='word_1_214' title='bbox 841 1751 1056 1801; x_wconf 77' lang='lat' dir='ltr'>diligenter.</span> <span class='ocrx_word' id='word_1_215' title='bbox 1119 1752 1239 1790; x_wconf 86' lang='lat' dir='ltr'>Piliae</span> <span class='ocrx_word' id='word_1_216' title='bbox 1266 1753 1442 1790; x_wconf 87' lang='lat' dir='ltr'>salutern.</span> 
     </span>
    </p>
   </div>
   <div class='ocr_carea' id='block_1_5' title="bbox 266 1863 1611 1973">
    <p class='ocr_par' dir='ltr' id='par_1_5' title="bbox 266 1863 1611 1973">
     <span class='ocr_line' id='line_1_26' title="bbox 266 1863 1611 1905; baseline -0.002 -8"><span class='ocrx_word' id='word_1_217' title='bbox 266 1863 426 1897; x_wconf 83' lang='lat' dir='ltr'>XVIII</span> <span class='ocrx_word' id='word_1_218' title='bbox 531 1865 600 1896; x_wconf 75' lang='lat' dir='ltr'>Ser.</span> <span class='ocrx_word' id='word_1_219' title='bbox 621 1865 766 1894; x_wconf 69' lang='lat' dir='ltr'>Asturae</span> <span class='ocrx_word' id='word_1_220' title='bbox 783 1875 801 1895; x_wconf 77' lang='lat' dir='ltr'><em>v</em></span> <span class='ocrx_word' id='word_1_221' title='bbox 819 1864 867 1895; x_wconf 83' lang='lat' dir='ltr'>Id.</span> <span class='ocrx_word' id='word_1_222' title='bbox 891 1865 990 1895; x_wconf 73' lang='lat' dir='ltr'>Illarl.</span> <span class='ocrx_word' id='word_1_223' title='bbox 1011 1875 1040 1896; x_wconf 80' lang='lat' dir='ltr'>a.</span> <span class='ocrx_word' id='word_1_224' title='bbox 1063 1874 1121 1903; x_wconf 79' lang='lat'>709</span> <span class='ocrx_word' id='word_1_225' title='bbox 1140 1864 1223 1905; x_wconf 77' lang='lat'><em>(45).</em></span> <span class='ocrx_word' id='word_1_226' title='bbox 1574 1868 1611 1899; x_wconf 86' lang='lat'>25</span> 
     </span>
     <span class='ocr_line' id='line_1_27' title="bbox 627 1940 1150 1973; baseline -0.002 -1"><span class='ocrx_word' id='word_1_227' title='bbox 627 1942 798 1973; x_wconf 79' lang='lat' dir='ltr'>CICERO</span> <span class='ocrx_word' id='word_1_228' title='bbox 829 1942 861 1971; x_wconf 81' lang='grc' dir='ltr'><em>Α</em></span> <span class='ocrx_word' id='word_1_229' title='bbox 875 1942 1016 1973; x_wconf 81' lang='lat' dir='ltr'>TTICO</span> <span class='ocrx_word' id='word_1_230' title='bbox 1045 1940 1150 1972; x_wconf 79' lang='lat' dir='ltr'><strong><em>SAL.</em></strong></span> 
     </span>
    </p>
   </div>
   <div class='ocr_carea' id='block_1_6' title="bbox 185 2020 1552 2136">
    <p class='ocr_par' dir='ltr' id='par_1_6' title="bbox 185 2020 1552 2136">
     <span class='ocr_line' id='line_1_28' title="bbox 185 2020 1552 2071; baseline -0.002 -11"><span class='ocrx_word' id='word_1_231' title='bbox 185 2039 201 2064; x_wconf 90' lang='lat'>1</span> <span class='ocrx_word' id='word_1_232' title='bbox 278 2025 383 2060; x_wconf 82' lang='lat' dir='ltr'>Dum</span> <span class='ocrx_word' id='word_1_233' title='bbox 412 2021 703 2060; x_wconf 82' lang='lat' dir='ltr'>recordationes</span> <span class='ocrx_word' id='word_1_234' title='bbox 732 2021 838 2071; x_wconf 81' lang='lat' dir='ltr'>fugio</span> <span class='ocrx_word' id='word_1_235' title='bbox 860 2035 960 2070; x_wconf 87' lang='lat' dir='ltr'>quae</span> <span class='ocrx_word' id='word_1_236' title='bbox 986 2020 1097 2070; x_wconf 90' lang='lat' dir='ltr'>quasi</span> <span class='ocrx_word' id='word_1_237' title='bbox 1125 2034 1255 2058; x_wconf 87' lang='lat' dir='ltr'>morsu</span> <span class='ocrx_word' id='word_1_238' title='bbox 1284 2020 1457 2069; x_wconf 84' lang='lat' dir='ltr'>quodam</span> <span class='ocrx_word' id='word_1_239' title='bbox 1485 2020 1552 2058; x_wconf 92' lang='lat' dir='ltr'>do-</span> 
     </span>
     <span class='ocr_line' id='line_1_29' title="bbox 221 2084 1550 2136; baseline -0.004 -10"><span class='ocrx_word' id='word_1_240' title='bbox 221 2089 343 2126; x_wconf 90' lang='lat' dir='ltr'>lorem</span> <span class='ocrx_word' id='word_1_241' title='bbox 374 2087 557 2133; x_wconf 82' lang='lat' dir='ltr'>efficiunt,</span> <span class='ocrx_word' id='word_1_242' title='bbox 586 2086 734 2136; x_wconf 76' lang='lat' dir='ltr'>refugio</span> <span class='ocrx_word' id='word_1_243' title='bbox 764 2087 814 2124; x_wconf 86' lang='lat' dir='ltr'>ad</span> <span class='ocrx_word' id='word_1_244' title='bbox 845 2094 882 2124; x_wconf 86' lang='lat' dir='ltr'>te</span> <span class='ocrx_word' id='word_1_245' title='bbox 912 2086 1222 2124; x_wconf 86' lang='lat' dir='ltr'>admonendum.</span> <span class='ocrx_word' id='word_1_246' title='bbox 1284 2085 1405 2132; x_wconf 86' lang='lat' dir='ltr'>Quod</span> <span class='ocrx_word' id='word_1_247' title='bbox 1434 2084 1550 2122; x_wconf 89' lang='lat' dir='ltr'>velim</span> 
     </span>
    </p>
   </div>
   <div class='ocr_carea' id='block_1_7' title="bbox 217 2182 1550 2448">
    <p class='ocr_par' dir='ltr' id='par_1_7' title="bbox 217 2182 1550 2448">
     <span class='ocr_line' id='line_1_30' title="bbox 268 2182 1549 2229; baseline -0.003 -8"><span class='ocrx_word' id='word_1_248' title='bbox 268 2202 280 2221; x_wconf 87' lang='lat'>1</span> <span class='ocrx_word' id='word_1_249' title='bbox 308 2192 370 2221; x_wconf 89' lang='lat' dir='ltr'>nisi</span> <span class='ocrx_word' id='word_1_250' title='bbox 391 2191 510 2221; x_wconf 78' lang='lat' dir='ltr'>ORP:</span> <span class='ocrx_word' id='word_1_251' title='bbox 535 2192 563 2221; x_wconf 89' lang='lat' dir='ltr'>si</span> <span class='ocrx_word' id='word_1_252' title='bbox 583 2196 608 2220; x_wconf 95' lang='grc' dir='ltr'><strong>Δ</strong></span> <span class='ocrx_word' id='word_1_253' title='bbox 708 2202 726 2228; x_wconf 89' lang='lat'><strong>4</strong></span> <span class='ocrx_word' id='word_1_254' title='bbox 752 2190 956 2229; x_wconf 82' lang='lat' dir='ltr'>probabatur</span> <span class='ocrx_word' id='word_1_255' title='bbox 976 2189 1062 2220; x_wconf 80' lang='lat' dir='ltr'>Crat.</span> <span class='ocrx_word' id='word_1_256' title='bbox 1084 2201 1112 2220; x_wconf 82' lang='lat' dir='ltr'>v.</span> <span class='ocrx_word' id='word_1_257' title='bbox 1130 2201 1153 2220; x_wconf 82' lang='lat' dir='ltr'>c.</span> <span class='ocrx_word' id='word_1_258' title='bbox 1174 2188 1202 2218; x_wconf 90' lang='lat' dir='ltr'><em>L</em></span> <span class='ocrx_word' id='word_1_259' title='bbox 1222 2188 1360 2229; x_wconf 45' lang='lat' dir='ltr'>(mm-g.)</span> <span class='ocrx_word' id='word_1_260' title='bbox 1376 2182 1423 2216; x_wconf 66' lang='lat' dir='ltr'>Zln</span> <span class='ocrx_word' id='word_1_261' title='bbox 1442 2199 1448 2218; x_wconf 76' lang='lat' dir='ltr'><strong><em>z</em></strong></span> <span class='ocrx_word' id='word_1_262' title='bbox 1475 2198 1549 2227; x_wconf 86' lang='lat' dir='ltr'>pro-</span> 
     </span>
     <span class='ocr_line' id='line_1_31' title="bbox 222 2230 1549 2273; baseline -0.004 -7"><span class='ocrx_word' id='word_1_263' title='bbox 222 2236 318 2266; x_wconf 87' lang='lat' dir='ltr'>batur</span> <span class='ocrx_word' id='word_1_264' title='bbox 336 2238 389 2265; x_wconf 84' lang='grc' dir='ltr'>ΣΔ</span> <span class='ocrx_word' id='word_1_265' title='bbox 490 2245 505 2273; x_wconf 86' lang='lat'><strong>7</strong></span> <span class='ocrx_word' id='word_1_266' title='bbox 528 2234 609 2264; x_wconf 87' lang='lat' dir='ltr'>nihil</span> <span class='ocrx_word' id='word_1_267' title='bbox 628 2234 736 2264; x_wconf 84' lang='lat' dir='ltr'>adhuc</span> <span class='ocrx_word' id='word_1_268' title='bbox 756 2237 779 2264; x_wconf 90' lang='grc' dir='ltr'>Σ</span> <span class='ocrx_word' id='word_1_269' title='bbox 799 2234 884 2264; x_wconf 72' lang='lat' dir='ltr'>Crat.</span> <span class='ocrx_word' id='word_1_270' title='bbox 903 2245 910 2263; x_wconf 76' lang='lat' dir='ltr'>z</span> <span class='ocrx_word' id='word_1_271' title='bbox 936 2234 1044 2263; x_wconf 85' lang='lat' dir='ltr'>adhuc</span> <span class='ocrx_word' id='word_1_272' title='bbox 1063 2233 1143 2263; x_wconf 88' lang='lat' dir='ltr'>nihil</span> <span class='ocrx_word' id='word_1_273' title='bbox 1162 2238 1190 2262; x_wconf 94' lang='grc' dir='ltr'>Δ</span> <span class='ocrx_word' id='word_1_274' title='bbox 1288 2233 1308 2261; x_wconf 93' lang='grc'>8</span> <span class='ocrx_word' id='word_1_275' title='bbox 1332 2232 1442 2270; x_wconf 86' lang='lat' dir='ltr'>aptius</span> <span class='ocrx_word' id='word_1_276' title='bbox 1458 2230 1549 2261; x_wconf 85' lang='lat' dir='ltr'>codd.</span> 
     </span>
     <span class='ocr_line' id='line_1_32' title="bbox 217 2275 1550 2319; baseline -0.003 -11"><span class='ocrx_word' id='word_1_277' title='bbox 217 2282 347 2319; x_wconf 75' lang='lat' dir='ltr'>practer</span> <span class='ocrx_word' id='word_1_278' title='bbox 369 2277 418 2306; x_wconf 88' lang='lat' dir='ltr'>M¹</span> <span class='ocrx_word' id='word_1_279' title='bbox 449 2279 507 2317; x_wconf 79' lang='lat' dir='ltr'>qui</span> <span class='ocrx_word' id='word_1_280' title='bbox 536 2278 632 2316; x_wconf 89' lang='lat' dir='ltr'>peius</span> <span class='ocrx_word' id='word_1_281' title='bbox 664 2277 757 2307; x_wconf 75' lang='lat' dir='ltr'>habet</span> <span class='ocrx_word' id='word_1_282' title='bbox 789 2277 875 2307; x_wconf 81' lang='lat' dir='ltr'>unde</span> <span class='ocrx_word' id='word_1_283' title='bbox 908 2277 1000 2315; x_wconf 83' lang='lat' dir='ltr'>prius</span> <span class='ocrx_word' id='word_1_284' title='bbox 1028 2276 1118 2315; x_wconf 57' lang='lat' dir='ltr'>Vz&#39;ct„</span> <span class='ocrx_word' id='word_1_285' title='bbox 1149 2275 1261 2315; x_wconf 83' lang='lat' dir='ltr'>potius</span> <span class='ocrx_word' id='word_1_286' title='bbox 1291 2275 1372 2312; x_wconf 85' lang='lat' dir='ltr'><em>Otto,</em></span> <span class='ocrx_word' id='word_1_287' title='bbox 1401 2275 1550 2314; x_wconf 85' lang='lat' dir='ltr'>optatius</span> 
     </span>
     <span class='ocr_line' id='line_1_33' title="bbox 221 2318 1549 2360; baseline -0.003 -8"><span class='ocrx_word' id='word_1_288' title='bbox 221 2323 341 2352; x_wconf 81' lang='lat' dir='ltr'>Kalmt</span> <span class='ocrx_word' id='word_1_289' title='bbox 473 2332 513 2351; x_wconf 85' lang='lat'>22</span> <span class='ocrx_word' id='word_1_290' title='bbox 536 2322 614 2360; x_wconf 83' lang='lat' dir='ltr'>quid</span> <span class='ocrx_word' id='word_1_291' title='bbox 639 2320 671 2350; x_wconf 91' lang='lat' dir='ltr'>id</span> <span class='ocrx_word' id='word_1_292' title='bbox 696 2321 737 2350; x_wconf 82' lang='lat' dir='ltr'>ad</span> <span class='ocrx_word' id='word_1_293' title='bbox 763 2331 816 2350; x_wconf 85' lang='lat' dir='ltr'>me</span> <span class='ocrx_word' id='word_1_294' title='bbox 838 2320 915 2350; x_wconf 78' lang='lat' dir='ltr'>coni.</span> <span class='ocrx_word' id='word_1_295' title='bbox 942 2320 1064 2353; x_wconf 71' lang='lat' dir='ltr'>Becher„</span> <span class='ocrx_word' id='word_1_296' title='bbox 1084 2319 1141 2350; x_wconf 82' lang='lat' dir='ltr'>sed</span> <span class='ocrx_word' id='word_1_297' title='bbox 1157 2319 1194 2357; x_wconf 87' lang='lat' dir='ltr'>cf.</span> <span class='ocrx_word' id='word_1_298' title='bbox 1214 2318 1299 2349; x_wconf 78' lang='lat' dir='ltr'><em>Plin.</em></span> <span class='ocrx_word' id='word_1_299' title='bbox 1318 2318 1378 2359; x_wconf 84' lang='lat' dir='ltr'>Ep.</span> <span class='ocrx_word' id='word_1_300' title='bbox 1397 2318 1438 2349; x_wconf 89' lang='lat' dir='ltr'>iv.</span> <span class='ocrx_word' id='word_1_301' title='bbox 1459 2328 1509 2355; x_wconf 88' lang='lat'>27.</span> <span class='ocrx_word' id='word_1_302' title='bbox 1529 2329 1549 2356; x_wconf 87' lang='lat'><strong>4</strong></span> 
     </span>
     <span class='ocr_line' id='line_1_34' title="bbox 223 2362 1549 2405; baseline -0.003 -10"><span class='ocrx_word' id='word_1_303' title='bbox 223 2376 264 2405; x_wconf 83' lang='lat'>23</span> <span class='ocrx_word' id='word_1_304' title='bbox 289 2365 534 2405; x_wconf 84' lang='lat' dir='ltr'>prosectionem</span> <span class='ocrx_word' id='word_1_305' title='bbox 552 2365 638 2403; x_wconf 72' lang='lat' dir='ltr'>vulg.</span> <span class='ocrx_word' id='word_1_306' title='bbox 655 2376 661 2395; x_wconf 77' lang='lat' dir='ltr'>z</span> <span class='ocrx_word' id='word_1_307' title='bbox 688 2375 768 2394; x_wconf 84' lang='lat' dir='ltr'>-one</span> <span class='ocrx_word' id='word_1_308' title='bbox 785 2363 843 2393; x_wconf 88' lang='lat' dir='ltr'>M:</span> <span class='ocrx_word' id='word_1_309' title='bbox 868 2364 908 2393; x_wconf 88' lang='lat' dir='ltr'>de</span> <span class='ocrx_word' id='word_1_310' title='bbox 927 2364 1135 2402; x_wconf 81' lang='lat' dir='ltr'>profectione</span> <span class='ocrx_word' id='word_1_311' title='bbox 1154 2363 1311 2394; x_wconf 67' lang='lat' dir='ltr'>Graevius</span> <span class='ocrx_word' id='word_1_312' title='bbox 1442 2362 1483 2391; x_wconf 82' lang='lat'>28</span> <span class='ocrx_word' id='word_1_313' title='bbox 1507 2362 1549 2391; x_wconf 87' lang='lat' dir='ltr'>ad</span> 
     </span>
     <span class='ocr_line' id='line_1_35' title="bbox 223 2406 1065 2448; baseline -0.005 -8"><span class='ocrx_word' id='word_1_314' title='bbox 223 2414 256 2440; x_wconf 86' lang='lat' dir='ltr'>te</span> <span class='ocrx_word' id='word_1_315' title='bbox 273 2409 525 2440; x_wconf 81' lang='lat' dir='ltr'>admonendum</span> <span class='ocrx_word' id='word_1_316' title='bbox 544 2407 701 2448; x_wconf 55' lang='lat' dir='ltr'>Madwjg:</span> <span class='ocrx_word' id='word_1_317' title='bbox 731 2418 750 2438; x_wconf 89' lang='lat' dir='ltr'>a</span> <span class='ocrx_word' id='word_1_318' title='bbox 768 2412 800 2437; x_wconf 88' lang='lat' dir='ltr'>te</span> <span class='ocrx_word' id='word_1_319' title='bbox 818 2407 1008 2437; x_wconf 85' lang='lat' dir='ltr'>amonendo</span> <span class='ocrx_word' id='word_1_320' title='bbox 1027 2406 1065 2436; x_wconf 90' lang='lat' dir='ltr'><em>M</em></span> 
     </span>
    </p>
   </div>
  </div>
 </body>
</html>
