1742 2651
572 119 684 156 EPP.
718 119 795 155 AD
825 118 1086 156 ATTICVM
1429 117 1513 154 XV.
1533 126 1595 153 xx

162 227 240 267 iam
261 228 442 267 homines
464 229 513 267 de
534 242 574 267 re
594 228 752 279 publica
775 227 883 278 loqui
906 235 943 266 et
964 241 1032 266 eos
1053 227 1215 277 quidem
1237 227 1338 265 viros
1359 227 1499 271 bonos,

162 307 235 344 ego
265 308 344 345 quo
374 294 438 333 die
468 293 601 333 audivi
637 294 748 332 illum
783 301 992 343 tyrannum
1027 293 1067 331 in
1100 293 1287 332 contione
1320 291 1502 330 ‘clarissi-

161 372 271 397 mum
310 359 459 397 virum'
496 359 682 409 appellari
722 358 977 397 subdiffidere
1020 358 1144 409 coepi.
1223 360 1366 396 Postea
1410 371 1502 396 vero

161 437 280 474 quam
315 432 447 463 tecum
480 424 632 462 Lanuvi
667 423 745 462 vidi
779 431 933 462 nostros
969 431 1122 461 tantum
1155 423 1237 473 spei
1272 423 1416 460 habere
1450 423 1501 460 ad

123 526 135 535 ι
161 488 373 527 vivendum
396 496 587 539 quantum
607 488 856 538 accepissent
875 489 926 526 ab
947 488 1136 535 Antonio,
1160 487 1374 538 desperavi.
1427 489 1501 525 Ita-

161 567 249 603 que,
277 553 329 591 mi
356 553 497 599 Attice,
523 553 688 603 (fortiter
714 554 791 592 hoc
817 553 932 591 velim
958 553 1138 603 accipias,
1167 560 1209 591 ut
1236 566 1309 602 ego
1338 551 1496 602 scribo),

160 631 282 667 genus
310 618 407 656 illud
436 617 616 656 interitus
638 622 743 667 †quo
770 621 983 657 causurus†
1011 625 1069 656 est
1096 619 1259 656 foedum
1283 618 1433 656 ducens
1461 624 1499 655 et

161 682 272 732 quasi
304 682 579 721 denuntiatum
612 682 728 720 nobis
762 683 812 720 ab
845 682 1023 720 Antonio
1062 696 1108 720 ex
1142 684 1215 720 hac
1247 695 1361 720 nassa
1395 681 1498 720 exire

160 747 346 785 constitui
368 761 448 786 non
469 748 519 785 ad
541 749 672 797 fugam
694 748 763 786 sed
784 748 835 785 ad
856 761 966 797 spem
984 747 1119 786 mortis
1141 746 1321 785 melioris.
1382 748 1497 785 Haec

161 812 289 850 omnis
310 814 425 862 culpa
446 812 565 850 Bruti.

216 876 453 926 Pompeium
487 877 642 915 Carteia
677 884 877 927 receptum
908 877 1044 916 scribis
1060 893 1069 924 3
1108 877 1186 915 iam
1216 877 1330 926 igitur
1359 884 1496 916 contra
1515 885 1539 922 3

160 944 266 980 hunc
305 942 528 980 exercitum.
589 944 686 980 Vtra
723 956 815 992 ergo
854 945 1015 980 castra?
1073 942 1210 981 Media
1249 942 1354 980 enim
1395 942 1495 980 tollit

159 1006 368 1045 Antonius.
430 1009 502 1045 Illa
532 1007 694 1053 infirma,
727 1009 824 1045 haec
864 1007 1018 1045 nefaria.
1080 1010 1339 1057 Properemus
1369 1007 1494 1057 igitur.

160 1074 238 1110 Sed
278 1072 366 1110 iuva
405 1086 469 1111 me
508 1072 684 1119 consilio,
722 1072 986 1111 Brundisione
1024 1086 1074 1110 an
1107 1072 1291 1111 Puteolis.
1353 1075 1496 1110 Brutus

127 1152 138 1160 ·
160 1137 322 1187 quidem
358 1137 489 1176 subito
525 1139 594 1176 sed
633 1137 838 1187 sapienter.
899 1140 1046 1189 Πάσχω
1077 1156 1120 1176 τι.
1182 1139 1355 1187 Quando
1390 1137 1495 1176 enim

160 1203 303 1242 illum?
360 1205 438 1242 Sed
474 1205 647 1241 humana
681 1204 851 1242 ferenda.
911 1205 973 1241 Tu
1009 1203 1092 1254 ipse
1126 1217 1217 1242 eum
1249 1203 1382 1242 videre
1414 1217 1495 1242 non

159 1276 282 1318 potes.
345 1269 396 1307 Di
421 1268 475 1306 illi
503 1275 657 1306 mortuo
678 1268 746 1318 qui
775 1281 964 1318 umquam
987 1270 1224 1307 Buthrotum
1245 1271 1251 1306 1
1309 1270 1388 1308 Sed
1407 1276 1495 1307 acta

159 1335 277 1373 missa
294 1350 303 1383 3
333 1335 537 1374 videamus
558 1348 659 1384 quae
678 1335 832 1384 agenda
852 1334 939 1372 sint.

214 1400 404 1439 Rationes
436 1399 575 1446 Erotis,
608 1398 680 1437 etsi
711 1399 839 1449 ipsum
874 1401 1054 1438 nondum
1088 1399 1178 1447 vidi,
1211 1407 1343 1439 tamen
1378 1407 1416 1438 et
1448 1414 1493 1439 ex
1512 1413 1538 1450 4

102 1482 114 1502 2
158 1464 292 1503 litteris
327 1465 410 1504 eius
441 1473 480 1504 et
518 1479 564 1504 ex
598 1478 645 1503 eo
678 1466 786 1515 quod
821 1465 915 1504 Tiro
950 1465 1133 1515 cognovit
1172 1479 1294 1516 prope
1329 1467 1493 1504 modum

158 1530 334 1580 cognitas
355 1531 495 1569 habeo.
555 1532 766 1568 Versuram
792 1530 927 1568 scribis
958 1545 1042 1569 csse
1069 1531 1291 1570 faciendam
1313 1544 1493 1569 mensum

158 1595 345 1646 quinque,
369 1595 409 1634 id
430 1604 487 1634 est
512 1597 562 1634 ad
589 1597 676 1634 Kal.
701 1597 816 1642 Nov.‚
841 1597 911 1634 HS
932 1595 1005 1643 23-03
1040 1595 1079 1633 in
1104 1610 1191 1634 eam
1221 1596 1327 1635 diem
1354 1598 1494 1635 cadere

158 1675 343 1700 nummos
378 1661 445 1711 qui
476 1675 498 1699 a
533 1661 685 1710 Quinto
721 1662 926 1700 debentur.
985 1661 1116 1700 Velim
1146 1661 1271 1712 igitur,
1303 1662 1491 1712 quoniam

158 1727 252 1765 Tiro
273 1735 388 1777 negat
409 1728 479 1766 tibi
500 1730 653 1778 placere
677 1743 741 1767 me
768 1729 850 1767 eius
880 1727 934 1766 rei
964 1741 1081 1766 causa
1103 1729 1275 1766 Romam
1295 1727 1442 1776 venire,
1461 1727 1492 1766 si

125 1810 136 1816 ·
158 1807 204 1832 ea
225 1801 262 1832 te
282 1808 341 1832 res
362 1793 459 1831 nihil
484 1795 668 1840 offendet,
691 1794 825 1833 videas
853 1795 959 1832 unde
987 1792 1139 1831 nummi
1166 1792 1257 1840 sint,
1277 1792 1373 1830 mihi
1393 1794 1491 1831 feras

157 1872 384 1909 expensum.
446 1860 538 1897 Hoc
568 1859 684 1897 video
714 1859 754 1897 in
784 1859 1003 1909 praesentia
1033 1871 1132 1908 opus
1167 1871 1262 1896 esse.
1322 1858 1492 1909 Reliqua

157 1923 381 1974 diligentius
420 1938 467 1961 ex
505 1925 581 1962 hoc
620 1924 706 1974 ipso
744 1924 958 1975 exquiram,
990 1924 1029 1962 in
1065 1923 1124 1961 his
1159 1924 1209 1961 de
1243 1925 1490 1964 mercedibus

156 1989 348 2028 dotalium
378 1989 638 2038 praediorum.
699 1991 813 2039 Quae
843 1989 873 2027 si
904 1990 1070 2028 fideliter
1092 1988 1274 2029 Ciceroni
1300 1990 1491 2028 curabun-

157 2062 227 2101 tur,
257 2067 498 2104 quamquam
528 2055 618 2091 volo
647 2054 780 2101 laxius,
813 2062 945 2093 tamen
974 2055 1009 2093 ei
1040 2069 1162 2105 prope
1193 2056 1358 2093 modum
1392 2055 1489 2094 nihil

157 2119 289 2158 deerit.
350 2119 548 2168 Equidem
575 2119 691 2157 video
722 2119 816 2157 mihi
846 2134 1006 2170 quoque
1036 2135 1136 2171 opus
1166 2135 1251 2160 esse
1280 2121 1463 2160 viaticum
1479 2136 1489 2169 ;

202 2235 219 2263 7
245 2234 407 2253 causurus
438 2222 516 2253 llsl:
557 2233 695 2253 casurus
727 2222 806 2253 MJ:
847 2234 946 2254 causa
976 2235 1092 2256 cursus
1127 2220 1183 2258 Zl:
1224 2237 1347 2258 causae
1371 2237 1489 2258 cursus

157 2267 307 2307 Popma:
347 2267 485 2297 Catulus
519 2277 599 2296 usus
631 2271 683 2296 est
710 2266 849 2307 Madvzg
1019 2278 1054 2299 11
1074 2270 1210 2301 Carteia
1238 2271 1381 2301 Msiller:
1420 2281 1487 2300 -arn

162 2310 366 2350 [Vesenberg:
393 2321 447 2340 -ae
474 2310 604 2339 Bastar:
632 2310 790 2341 Carthela
816 2310 907 2341 codd.
1066 2323 1102 2352 14
1128 2314 1204 2344 iuva
1231 2315 1344 2355 vulg:
1370 2318 1425 2344 tua
1449 2313 1493 2343 M

158 2365 208 2392 24,
230 2363 271 2392 25
295 2355 323 2384 si
341 2365 382 2384 ea
406 2359 439 2384 te
464 2363 518 2384 res
541 2364 570 2383 v.
585 2365 630 2384 c.:
657 2354 685 2383 si
710 2354 836 2384 fateres
859 2356 909 2385 vel
929 2355 957 2385 si
984 2355 1114 2387 faceres
1139 2362 1193 2390 ΣΔ
1294 2369 1335 2398 29
1359 2358 1485 2398 laxius]

157 2397 321 2437 prolixius
343 2396 532 2438 Wesenberg
547 2408 585 2428 ex
598 2396 719 2429 Lamb.
740 2409 747 2428 ε
771 2398 894 2429 lautius
917 2397 1058 2440 Madvig

200 2475 262 2496 cic.
281 2475 329 2496 AD
346 2475 419 2497 Αττ.
750 2474 756 2480 “
1356 2468 1399 2498 35
