1742 2651
573 106 684 142 EPP.
717 106 795 142 AD
825 105 1085 144 ATTICVM
1380 106 1466 142 XV.
1490 104 1536 141 xi

163 215 377 264 Quomque
398 214 592 264 ingressus
614 229 741 253 essem
766 215 896 253 dicere
917 215 1013 265 quid
1034 214 1281 264 oportuisset,
1305 228 1378 253 nec
1399 228 1490 253 vero

161 279 374 329 quicquam
396 280 487 318 novi
509 281 578 318 sed
600 294 646 318 ea
666 294 767 330 quae
788 280 934 318 cotidie
959 294 1108 326 omnes,
1132 293 1205 318 nec
1227 288 1359 318 tamen
1380 279 1491 317 illurn

160 345 292 382 locum
330 344 573 394 attingerem,
611 359 852 394 quemquam
888 353 1087 395 praeterea
1118 344 1338 394 oportuisse
1372 344 1488 394 tangi,

161 410 231 447 sed
252 417 431 447 senatum
452 409 592 456 vocari,
617 411 809 459 populum
837 411 1042 448 ardentem
1068 409 1199 447 studio
1220 408 1492 447 vehementius

122 490 139 520 5
162 473 323 520 incitari,
343 482 465 511 totam
487 474 631 523 suscipi
653 488 734 512 rem
751 474 962 524 publicam,
982 475 1173 512 exclamat
1194 481 1260 511 tua
1280 472 1491 519 familiaris,

164 542 173 558 ⁴
190 540 282 576 Hoc
303 553 394 577 vero
415 539 616 577 neminem
637 553 827 589 umquam
848 539 979 578 audivi
997 541 1025 576 1²
1084 541 1169 589 Ego
1190 538 1363 588 repressi.
1415 539 1493 576 Sed

161 612 200 641 et
229 604 388 643 Cassius
410 603 506 641 mihi
526 604 734 642 videbatur
754 604 876 642 iturus
898 604 1060 652 (etenim
1092 603 1251 642 Servilia
1280 603 1493 653 polliceba-

162 676 222 706 tur
251 682 292 706 se
322 676 544 706 curaturam
574 676 616 706 ut
643 668 708 706 illa
738 668 923 706 frumenti
953 668 1102 706 curatio
1132 670 1182 706 de
1211 676 1370 706 senatus
1399 680 1494 705 con·

161 735 263 771 sulto
298 733 523 784 tolleretur),
558 742 596 771 et
628 742 760 772 noster
791 734 870 772 cito
901 733 1077 772 deiectus
1112 742 1170 771 est
1203 734 1254 771 de
1288 733 1355 771 illo
1386 732 1493 770 inani

103 813 141 835 10
160 811 342 836 sermone
388 800 511 838 *tvelle
550 803 659 838 esse†
698 798 857 837 dixerat.
937 798 1152 837 Constituit
1186 797 1301 847 igitur
1334 804 1376 836 ut
1410 797 1493 835 ludi

159 864 323 901 absente
353 877 393 901 se
425 864 562 902 fierent
596 877 668 902 suo
702 864 875 902 nomine.
935 863 1134 902 Proficisci
1163 870 1296 901 autem
1326 862 1424 900 mihi
1453 862 1493 900 in

160 928 296 966 Asiam
317 929 524 967 videbatur
543 930 593 967 ab
615 929 737 967 Antio
758 930 867 967 velle.
929 930 991 967 Ne
1013 930 1145 974 multa,
1165 928 1261 966 nihil
1282 941 1346 966 me
1366 927 1406 965 in
1427 927 1494 966 illo
1513 936 1538 973 3

161 993 298 1032 itinere
328 1002 479 1043 praeter
509 994 793 1032 conscientiam
824 1008 954 1033 meam
983 994 1202 1032 delectavit.
1263 995 1357 1032 Non
1387 993 1493 1032 enim

160 1060 232 1097 fuit
262 1060 594 1098 committendum
623 1068 665 1097 ut
689 1059 753 1097 ille
780 1074 827 1098 ex
854 1059 967 1097 Italia
988 1059 1093 1109 prius
1118 1072 1238 1108 quam
1262 1072 1284 1096 a
1311 1072 1375 1097 me
1404 1071 1495 1096 con-

105 1138 140 1167 15
161 1133 300 1163 ventus
321 1133 423 1163 esset
444 1125 675 1163 discederet.
729 1127 823 1163 Hoc
843 1126 1007 1174 dempto
1029 1138 1191 1162 munere
1210 1123 1354 1162 amoris
1374 1130 1494 1173 atque

161 1190 264 1228 offici
285 1190 532 1239 sequebatur,
557 1198 599 1228 ut
619 1203 775 1228 mecum
797 1190 892 1239 ipse,

350 1255 397 1293 ‘H
428 1257 522 1306 δεῦρ’
551 1256 633 1296 ὁδός
661 1274 724 1294 σοι
752 1257 790 1293 τί
816 1256 964 1294 δύναται
992 1259 1066 1301 νῦν,
1098 1256 1304 1306 θεοπρόπε;

163 1324 324 1359 Prorsus
345 1321 581 1359 dissolutum
602 1321 751 1359 offendi
781 1321 979 1370 navigium
1000 1322 1060 1358 vel
1090 1320 1220 1370 potius
1247 1320 1490 1370 dissipatum.

163 1386 272 1424 Nihil
303 1386 479 1433 consilio,
516 1386 612 1423 nihil
642 1385 802 1432 ratione,
835 1385 932 1422 nihil
963 1385 1110 1423 ordine.
1172 1387 1312 1434 Itaque
1341 1384 1413 1423 etsi
1442 1398 1493 1423 ne

104 1464 144 1485 20
162 1460 278 1489 antea
307 1451 469 1500 quidem
499 1450 687 1496 dubitavi,
712 1459 844 1488 tamen
866 1463 972 1488 nunc
993 1463 1040 1487 eo
1062 1450 1191 1487 minus
1218 1451 1372 1487 evolare
1401 1449 1494 1487 hinc

163 1517 283 1566 idque
317 1530 436 1566 quam
471 1516 653 1565 primum,
690 1515 780 1553 ‘ubi
816 1529 889 1553 nec
925 1515 1204 1564 Pelopidarum
1234 1516 1335 1553 facta
1365 1527 1494 1564 neque

162 1584 307 1620 famam
328 1581 513 1619 audiam.'

218 1648 268 1684 Et
289 1648 386 1684 heus
407 1655 448 1684 tu
467 1650 473 1684 1
503 1660 553 1684 ne
574 1647 672 1684 forte
693 1645 744 1684 sis
766 1645 931 1691 nescius,
952 1646 1159 1683 Dolabella
1175 1659 1238 1683 me
1258 1645 1332 1683 sibi
1353 1645 1494 1695 legavit
1512 1657 1539 1695 4

162 1726 194 1750 a.
231 1713 268 1750 d.
307 1724 352 1749 111
394 1714 542 1750 Nonas.
623 1713 672 1750 Id
712 1711 809 1749 mihi
848 1711 930 1749 heri
969 1711 1120 1760 vesperi
1159 1711 1383 1749 nuntiatum
1422 1719 1490 1749 est.

104 1789 142 1820 25
163 1777 306 1815 Votiva
340 1791 389 1815 ne
424 1777 494 1815 tibi
529 1777 690 1827 quidem
726 1778 931 1826 placebat3
972 1777 1118 1814 etenim
1149 1785 1230 1815 erat
1263 1777 1491 1825 absurdum,

162 1856 263 1892 quae
298 1843 329 1880 si
362 1843 531 1881 stetisset
566 1856 624 1880 res
655 1842 813 1892 publica
848 1842 1053 1887 vovissem,
1084 1856 1130 1880 ea
1164 1856 1227 1880 me
1265 1856 1398 1881 eversa
1428 1843 1494 1881 illa

162 1916 253 1945 vota
282 1908 506 1946 dissolvere.
569 1909 618 1945 Et
649 1907 807 1954 habent,
832 1907 982 1957 opinor,
1010 1907 1155 1944 liberae
1185 1907 1398 1956 legationes
1428 1909 1493 1946 de-

163 1973 317 2010 finitum
352 1981 507 2022 tempus
540 1974 624 2022 lege
664 1972 764 2010 Iulia
804 1986 877 2010 nec
912 1972 1025 2010 facile
1056 1972 1149 2010 addi
1181 1980 1320 2022 potest.
1379 1975 1492 2011 Aveo

162 2052 285 2087 genus
316 2038 520 2088 legationis
552 2047 604 2084 ut,
631 2052 721 2076 cum
752 2038 857 2084 velis,
886 2038 1045 2076 introire
1077 2038 1179 2076 exire
1209 2038 1323 2076 liceat
1338 2053 1348 2085 3
1382 2039 1492 2088 quod

207 2154 225 2183 5
251 2145 390 2174 incitare
409 2139 462 2173 ΖΜ
480 2156 506 2176 v.
525 2156 549 2174 c.
573 2144 599 2173 L
621 2146 761 2184 (mmg.)
818 2144 942 2182 suscipi
963 2143 1084 2174 Orelli:
1109 2145 1283 2182 suscipere
1298 2143 1386 2174 codd.
1471 2146 1493 2174 6

153 2187 234 2226 fort.
261 2188 332 2226 Ego
350 2199 403 2218 me
421 2188 567 2227 repressi
718 2198 738 2226 9
763 2193 878 2217 noster
896 2186 948 2216 Ml
965 2199 971 2218 z
1001 2193 1117 2217 noster
1135 2187 1262 2217 Brutus
1279 2184 1494 2217 ZfEORM²s

167 2241 205 2261 10
228 2242 386 2262 sermone
406 2242 442 2262 se
461 2233 590 2262 Rornae
610 2231 697 2261 velle
721 2242 799 2261 esse
822 2232 928 2262 Boot:
952 2241 1110 2261 sermone
1134 2231 1187 2261 vel
1209 2231 1317 2261 solum
1343 2232 1417 2271 (aut
1440 2232 1493 2262 vel

164 2284 237 2304 cum
254 2276 372 2305 mortis
386 2276 535 2314 periculo
549 2285 586 2304 se
602 2275 746 2312 Romae)
765 2275 852 2305 velle
868 2285 944 2305 esse
962 2273 1137 2305 Lehmann
1288 2285 1323 2313 17
1350 2275 1405 2304 νῦν
1420 2276 1489 2306 secl.

165 2317 259 2348 Cobet
408 2329 449 2357 23
476 2318 516 2348 Et
540 2317 627 2348 codd.
648 2318 685 2357 cf.
706 2319 747 2349 vi.
769 2328 794 2349 1.
816 2327 856 2355 25
874 2330 880 2348 :
907 2318 974 2348 Sed
992 2319 1078 2358 vulg.
1236 2328 1276 2357 :24
1300 2327 1341 2347 111
1365 2328 1394 2348 v.
1413 2329 1436 2348 c.
1460 2318 1490 2348 L

167 2362 306 2402 (marg-J
323 2361 438 2392 ORP:
471 2363 514 2392 ivi
534 2359 584 2390 Ml
601 2373 608 2392 z
632 2371 687 2391 1111
704 2361 755 2391 M2
817 2361 932 2391 Nonas
950 2360 1140 2401 AIalaspina
1162 2373 1168 2392 :
1194 2361 1280 2393 Non.
1300 2361 1436 2399 Apriles
1453 2361 1495 2391 M

163 2415 203 2443 27
230 2406 280 2435 dis
297 2406 430 2436 solvere
446 2406 529 2435 Pius
653 2406 695 2434 28
718 2405 813 2435 Aveo
828 2405 892 2436 Iac.
913 2405 1114 2435 Gronovius:
1139 2406 1225 2435 adeo
1242 2400 1340 2434 MZM
1359 2417 1365 2435 ι
1388 2405 1490 2445 idque

164 2450 249 2478 adeo
267 2443 310 2477 Zb
325 2461 331 2479 :
356 2450 440 2479 obeo
458 2448 544 2479 Reid
