1742 2651
582 103 694 139 EPP.
728 102 807 139 AD
838 100 1098 139 ATTICVM
1420 101 1506 137 XV.
1530 99 1623 136 xvii

175 213 296 264 ipsius
316 214 466 252 litterae
495 213 550 251 sic
579 221 618 251 et
647 214 909 265 φιλοστόργως
935 219 973 251 et
1003 215 1153 253 εὒπινῶς
1179 211 1345 262 scriptae
1375 219 1416 250 ut
1443 225 1508 250 eas

174 281 233 317 vel
256 279 294 316 in
314 279 463 317 acroasi
487 280 656 317 audeam
687 280 823 328 legere.
885 279 977 327 Quo
1003 278 1125 328 magis
1146 278 1200 315 illi
1220 278 1507 327 indulgendum

174 352 281 394 puto.
343 346 403 381 De
426 343 632 381 Buciliano
652 343 823 382 Sestium
844 351 941 393 puto
962 357 1043 380 non
1065 344 1229 381 moleste
1250 344 1357 380 ferre.
1410 344 1506 391 Ego,

175 408 205 445 si
230 408 324 445 Tiro
353 409 403 446 ad
434 422 507 454 me,
538 408 668 457 cogito
699 408 738 446 in
760 410 1042 446 Tusculanum.
1102 409 1165 445 Tu
1192 420 1294 453 vero,
1318 406 1508 457 quicquid

136 485 153 516 5
175 473 245 512 erit
265 474 374 522 quod
394 487 458 511 me
478 473 575 511 scire
596 487 664 523 par
685 472 744 520 sit,
767 473 908 511 statim.

218 603 378 637 XVIII
425 605 493 636 Ser.
515 605 547 635 ιἰι
564 605 673 635 itincre
688 616 727 635 ex
742 605 879 635 Anlt'ali
891 605 925 635 7'11
949 605 1176 635 Tusculanum
1193 604 1252 635 xvi
1264 604 1307 635 K.
1327 603 1440 644 Quint.

734 660 765 679 a·
791 659 846 687 710
864 660 953 689 &442-

581 727 751 757 CICERO
782 726 814 756 A
826 726 963 757 TTJCO
994 725 1099 756 SAL.

231 812 318 837 xvu
353 801 439 837 Kal.
477 799 548 837 etsi
583 799 675 836 satis
705 798 866 836 videbar
900 798 1099 848 scripsisse
1133 799 1183 836 ad
1218 805 1255 835 te
1287 796 1383 847 quid
1414 796 1509 834 mihi
1531 806 1547 833 1

122 881 157 902 10
177 879 276 915 opus
296 872 398 903 esset
419 872 456 902 et
477 864 572 914 quid
594 872 630 901 te
651 865 777 901 facere
797 864 949 909 vellem,
973 862 1004 900 si
1026 862 1095 900 tibi
1116 863 1373 900 commodum
1396 868 1512 908 esset,

178 938 309 967 tamen
330 943 421 967 cum
442 931 640 979 profectus
667 941 793 966 essem
821 935 858 966 et
889 927 927 965 in
958 929 1044 965 lacu
1066 927 1299 977 navigarem,
1322 926 1508 964 Tironem

178 995 291 1032 statui
321 996 371 1032 ad
396 1002 434 1032 te
463 1008 548 1033 esse
578 993 827 1039 mittendum,
851 1000 893 1030 ut
924 993 968 1030 iis
996 993 1162 1042 negotiis
1183 1006 1283 1042 quae
1308 999 1513 1041 agerentur

179 1061 392 1107 interesset,
432 1068 550 1110 atque
588 1059 706 1098 etiam
745 1058 880 1109 scripsi
918 1060 969 1096 ad
1011 1059 1260 1096 Dolabellam
1299 1071 1373 1103 me,
1408 1056 1436 1094 si
1478 1056 1512 1094 ei

179 1126 388 1172 videretur,
407 1127 507 1163 velle
528 1124 721 1174 proficisci
751 1123 925 1174 petiique
952 1124 1002 1161 ab
1031 1138 1078 1162 eo
1107 1125 1156 1162 de
1181 1123 1297 1160 mulis
1318 1129 1510 1160 vecturae.

121 1203 156 1234 15
179 1193 231 1228 Vt
253 1190 292 1228 in
314 1190 373 1228 his
394 1188 599 1240 (quoniam
630 1189 814 1239 intellego
842 1196 879 1227 te
905 1188 1232 1227 distentissimum
1260 1201 1345 1225 esse
1366 1201 1444 1236 qua
1464 1188 1514 1225 de
1535 1194 1558 1221 2

181 1255 396 1294 Buthrotiis
430 1269 509 1305 qua
542 1255 593 1292 de
627 1257 760 1301 Bruto,
793 1253 904 1292 cuius
942 1253 1061 1292 etiam
1096 1255 1279 1292 ludorum
1314 1260 1515 1302 sumptuo-

179 1335 311 1359 sorum
339 1334 472 1358 curam
500 1327 537 1358 et
564 1319 946 1357 administrationem
977 1318 1154 1368 suspicor
1173 1332 1221 1356 ex
1244 1331 1385 1367 magna
1407 1324 1515 1367 parte

179 1386 230 1423 ad
251 1393 289 1423 te
309 1384 518 1435 pertinere)
534 1392 575 1422 ut
592 1398 683 1434 ergo
703 1384 743 1421 in
765 1383 847 1421 eius
869 1383 977 1422 modi
999 1398 1038 1422 re
1059 1383 1205 1421 tribues
1222 1383 1337 1421 nobis
1354 1383 1514 1434 paulum

181 1464 323 1500 operae
339 1465 348 1497 ;
377 1464 451 1488 nec
471 1450 576 1488 enim
599 1451 765 1487 multum
787 1463 887 1499 opus
908 1457 975 1487 est.

121 1528 162 1550 20
238 1515 339 1553 Mihi
360 1529 419 1554 res
439 1516 491 1554 ad
511 1517 675 1554 caedem
696 1523 734 1553 et
758 1529 845 1553 eam
866 1514 1028 1564 quidem
1055 1514 1318 1564 propinquam
1340 1521 1516 1564 spectare

180 1581 343 1619 videtur.
403 1581 525 1619 Vides
564 1581 757 1627 homines,
790 1579 899 1618 vides
932 1593 1050 1617 arma.
1110 1581 1272 1617 Prorsus
1304 1594 1384 1618 non
1420 1579 1515 1617 mihi

181 1645 315 1684 videor
336 1660 420 1684 esse
440 1653 557 1683 tutus.
617 1645 685 1683 Sin
706 1653 748 1682 tu
768 1645 878 1682 aliter
902 1644 1033 1691 sentis,
1056 1644 1172 1682 velim
1200 1645 1250 1682 ad
1272 1658 1334 1682 me
1355 1644 1512 1683 scribas.

184 1711 303 1749 Domi
324 1710 430 1749 enim
452 1724 620 1756 manere,
644 1710 675 1747 si
697 1717 800 1748 recte
820 1723 994 1759 possum,
1017 1711 1142 1747 multo
1163 1710 1278 1747 malo.

224 1817 335 1852 XIX
381 1820 450 1851 Ser.
471 1821 505 1849 in
527 1819 713 1851 Tusculano
727 1820 810 1850 inter
824 1831 854 1849 a.
877 1819 908 1849 d.
927 1830 970 1849 xv
987 1823 1015 1849 ct
1028 1820 1066 1848 ,τί
1078 1819 1121 1850 Κ.
1141 1819 1252 1858 Quint.
1274 1830 1302 1849 a.
1327 1828 1383 1858 710
1401 1819 1489 1860 (44).

124 1908 161 1938 25
586 1896 759 1927 CICERO
789 1896 969 1926 ATTICO
998 1895 1107 1926 SAL.

236 1969 439 2018 Quidnam
467 1976 525 2007 est
555 1970 663 2018 quod
693 1969 891 2018 agendum
921 1968 1089 2018 amplius
1119 1969 1169 2006 de
1194 1967 1409 2005 Buthrotiis
1437 1969 1551 2006 sil?1

182 2037 248 2073 Sat
278 2034 402 2084 egisse
431 2033 537 2072 enim
567 2041 605 2071 te
639 2035 777 2071 frustra
810 2033 957 2071 scribis.
1018 2033 1126 2082 Quid
1159 2041 1291 2070 autem
1327 2046 1367 2070 se
1402 2034 1515 2070 refert

230 2150 242 2170 1
271 2138 398 2169 εὐπινῶς
428 2137 548 2168 Klotz:
582 2140 740 2168 HINQOC
768 2137 827 2167 M:
861 2136 1077 2175 πεπινωμένως
1104 2137 1271 2168 Corradus
1419 2147 1455 2175 14
1475 2137 1517 2167 ab

182 2184 302 2213 eodem
329 2182 437 2212 mulos
463 2182 539 2211 coni.
566 2181 651 2210 Boot
787 2185 864 2221 post
885 2186 1044 2211 vecturae
1070 2181 1146 2211 add.
1173 2183 1307 2212 itineris
1333 2180 1374 2210 M
1398 2182 1451 2221 (sc.
1482 2186 1518 2211 ut

183 2227 215 2256 in
242 2226 295 2256 his
319 2226 526 2265 repelz'fzt1113:
559 2235 624 2256 om.
653 2223 830 2254 ZWORP
993 2235 1029 2263 15
1054 2225 1100 2254 Vt
1129 2224 1330 2256 Gronovius:
1366 2229 1400 2254 et
1426 2223 1517 2255 codd.

188 2271 226 2299 16
260 2274 532 2308 sumptuosorum
558 2267 735 2298 Lehmann
764 2268 830 2299 coll.
867 2267 905 2306 Q.
934 2267 987 2298 Fr.
1019 2268 1063 2298 iii.
1093 2268 1123 2299 8.
1152 2270 1194 2298 6:
1242 2279 1378 2299 suorum
1405 2266 1518 2298 codd:

183 2313 397 2343 scenicorum
415 2312 475 2342 olii
608 2321 645 2350 17
672 2315 705 2341 et
727 2312 813 2342 adm.
839 2310 1043 2351 ll'csenberg:
1071 2313 1172 2342 etiam
1195 2313 1283 2343 adm.
1306 2311 1392 2342 codd.
1411 2323 1418 2341 z
1449 2311 1517 2341 secl.

184 2357 297 2386 Baiter
506 2356 548 2384 26
571 2355 741 2393 agendum
758 2354 898 2386 Scln'c'lz:
925 2355 1119 2385 audendum
1137 2355 1224 2386 codd.
1362 2355 1430 2386 sit?
1456 2354 1518 2385 Sat

185 2400 296 2440 egisse
315 2399 440 2430 Malles
455 2410 460 2429 :
484 2398 621 2429 stetisse
639 2397 724 2429 codd.
741 2409 748 2430 t
774 2399 840 2429 sit?
858 2399 968 2437 egisse
991 2397 1179 2439 H'esenbetjg
