1742 2651
106 91 214 128 XVI.
239 101 269 126 v
596 91 651 127 M.
684 90 851 126 TVLLI
883 89 1190 128 CICERONIS

227 208 520 250 exspectantem
542 201 573 239 si
590 201 656 251 qui
678 203 775 240 forte
792 214 914 240 casus.
958 203 1098 251 Itaque
1114 200 1254 240 dubito
1274 215 1323 240 an
1337 200 1553 240 Venusiam

227 268 388 305 tendam
427 275 465 305 et
504 267 557 305 ibi
597 275 820 316 exspectem
859 268 909 305 de
943 266 1174 316 legionibus.
1233 266 1273 305 Si
1303 267 1479 313 aberunt,
1513 274 1556 305 ut

227 331 389 382 quidam
419 332 662 377 arbitrantur,
698 333 966 380 Hydruntem,
995 331 1026 369 si
1058 339 1239 369 neutrum
1271 331 1342 370 erit
1372 334 1554 381 ἀσφαλές,

228 398 370 436 eodem
406 404 582 435 revertar.
643 396 769 434 Iocari
802 409 866 434 me
899 398 1043 446 putas?
1101 396 1248 434 Moriar
1282 396 1314 434 si
1348 396 1556 446 quisquam

229 475 292 500 me
320 469 426 500 tenet
455 469 607 510 praeter
636 468 684 499 te.
745 459 903 498 Etenim
931 460 1201 510 circumspice,
1221 462 1291 499 sed
1320 469 1411 499 ante
1438 475 1557 511 quam
1577 476 1593 507 5

166 524 209 578 ‘4
230 527 431 565 erubesco.
492 527 528 565 O
558 526 642 564 dies
672 526 711 563 in
741 525 925 575 auspiciis
956 525 1097 575 Lepidi
1127 527 1243 575 lepide
1272 526 1489 577 descriptos
1519 535 1557 566 et

228 599 320 640 apte
353 592 404 629 ad
436 590 645 630 consilium
680 590 827 628 reditus
859 590 1004 628 nostri!
1076 592 1224 640 Magna
1256 592 1352 640 ῥοπὴ
1385 593 1435 630 ad
1474 606 1559 642 pro-

228 656 486 694 ficiscendum
507 657 547 694 in
570 656 645 694 tuis
666 655 812 694 litteris.
871 657 1004 706 Atque
1025 655 1175 694 utinam
1199 663 1238 695 te
1259 655 1335 695 illic
1353 660 1359 694 1
1417 658 1495 695 Sed
1516 665 1558 696 ut

229 722 452 760 conducere
472 721 640 771 putabis.

185 794 210 831 5
284 785 451 835 Nepotis
494 786 702 835 epistulam
748 793 943 835 exspecto.
1022 786 1202 836 Cupidus
1241 786 1305 825 ille
1350 788 1557 825 meorum?
1580 798 1617 819 ¹0

228 850 296 900 qui
326 864 372 889 ea
403 850 546 900 quibus
577 850 745 889 maxime
765 855 900 903 γαυριῶ
930 852 1098 901 legenda
1130 865 1210 889 non
1241 858 1361 901 putet.
1422 853 1472 889 Et
1501 851 1557 889 ais

228 915 332 965 ’μετ’
361 917 574 966 ἁμύμοναἺ
636 918 699 954 Tu
729 929 822 954 vero
857 917 1019 965 ἀμύμων,
1051 915 1115 953 ille
1153 915 1315 965 quidem
1355 917 1554 965 ἄμβροτος.

227 982 408 1018 Mearum
439 980 693 1030 epistularum
729 982 837 1018 nulla
870 988 929 1019 est
957 982 1157 1033 συναγωγή
1172 995 1182 1028 ;
1215 982 1285 1019 sed
1314 981 1433 1018 habet
1462 980 1557 1018 Tiro

226 1045 348 1084 instar
367 1045 625 1096 septuaginta,
649 1053 686 1084 et
708 1044 870 1095 quidem
891 1053 981 1084 sunt
1001 1059 1024 1084 a
1044 1053 1082 1084 te
1102 1047 1298 1095 quaedam
1326 1046 1553 1083 sumendae.

228 1112 304 1148 Eas
353 1124 426 1160 ego
475 1118 630 1161 oportet
682 1109 927 1160 perspiciam,
973 1110 1191 1162 corrigam3
1248 1118 1331 1149 tum
1383 1109 1557 1161 denique
1579 1125 1615 1156 15

225 1177 401 1214 edentur.

268 1284 335 1318 VI
548 1285 617 1318 Scr.
639 1287 758 1317 Vibone
774 1287 832 1317 viii
845 1286 889 1318 K.
911 1285 999 1318 Sext.
1019 1297 1050 1318 α.
1072 1296 1129 1326 710
1146 1286 1234 1329 (44).

635 1363 808 1395 CICERO
830 1363 1011 1395 ATTICO
1034 1363 1141 1395 SAL.

189 1453 206 1479 1
281 1439 367 1487 Ego
400 1437 531 1475 adhuc
564 1436 740 1486 (perveni
774 1436 879 1475 enim
910 1436 1110 1475 Vibonem
1145 1437 1196 1475 ad
1231 1435 1401 1485 Siccam)
1434 1435 1556 1486 magis

224 1502 438 1540 commode
473 1514 591 1551 quam
631 1509 786 1539 strenue
825 1501 1027 1551 navigavi3
1073 1501 1189 1539 remis
1228 1501 1334 1539 enim
1373 1515 1554 1551 magnam
1579 1517 1616 1537 20

223 1575 390 1617 partem,
418 1566 618 1617 prodromi
649 1567 754 1605 nulli.
816 1568 920 1605 Illud
950 1566 1042 1605 satis
1073 1575 1305 1617 opportune,
1338 1568 1419 1605 duo
1449 1566 1556 1604 sinus

223 1633 383 1672 fuerunt
414 1646 514 1682 quos
546 1631 705 1670 tramitti
737 1639 943 1681 oporteret,
980 1634 1195 1670 Paestanus
1230 1640 1267 1670 et
1302 1631 1553 1669 Vibonensis.

227 1699 448 1748 Vtrumque
486 1697 654 1748 pedibus
698 1697 835 1747 aequis
874 1696 1123 1735 tramisimus.
1200 1696 1303 1735 Veni
1348 1695 1463 1746 igitur
1504 1697 1555 1734 ad

225 1763 379 1802 Siccam
409 1770 548 1801 octavo
578 1761 642 1800 die
672 1776 692 1800 e
724 1761 979 1811 Pompeiano,
1011 1775 1102 1800 cum
1132 1775 1255 1799 unum
1285 1761 1392 1799 diem
1418 1760 1554 1798 Veliae

223 1828 511 1875 constitissem,
545 1827 613 1865 ubi
641 1827 803 1877 quidem
833 1827 887 1866 fui
915 1841 1008 1866 sane
1035 1827 1203 1865 libenter
1226 1827 1332 1876 apud
1357 1826 1552 1864 Thalnam
1576 1840 1613 1872 25

222 1901 400 1932 nostrum
421 1907 494 1932 nec
514 1893 625 1943 potui
645 1893 782 1943 accipi,
806 1892 872 1931 illo
892 1893 1056 1931 absente
1084 1891 1321 1942 praesertim,
1344 1890 1550 1930 liberalius.

223 1971 314 1996 VIIII
358 1960 444 1996 Kal.
486 1958 599 2008 igitur
636 1959 687 1996 ad
727 1958 891 1996 Siccam.
952 1957 1015 1996 Ibi
1053 1965 1256 2007 tamquam
1295 1956 1403 1995 domi
1442 1970 1552 1995 meae

222 2023 380 2061 scilicet.
442 2025 581 2072 Itaque
621 2022 768 2061 obduxi
808 2030 1007 2072 posterum
1048 2022 1164 2060 diem.
1235 2023 1312 2060 Sed
1352 2022 1551 2071 putabam,

222 2101 313 2126 cum
345 2088 512 2137 Regium
541 2088 747 2133 venissem,
780 2089 862 2126 fore
896 2095 937 2126 ut
969 2088 1047 2126 illic
1077 2088 1253 2139 (δολιχὸν
1280 2089 1398 2125 πλόον
1427 2089 1554 2137 ὁρμαί-

222 2152 363 2191 ιιοιιτες’
411 2151 672 2199 cogitaremus
720 2150 922 2188 corbitane
964 2152 1096 2188 Patras
1144 2164 1194 2188 an
1237 2149 1459 2188 actuariolis
1501 2151 1551 2188 ad
1572 2161 1613 2192 30

265 2266 284 2293 4
305 2258 380 2295 post
403 2259 555 2285 revertar
577 2255 671 2284 habet
693 2260 739 2294 ep.
757 2255 811 2285 xii.
834 2265 853 2293 3
880 2255 999 2284 iterum
1018 2253 1059 2284 M
1086 2265 1151 2294 qna
1184 2253 1291 2284 multa
1321 2264 1387 2284 esse
1416 2253 1551 2294 expulsa

217 2302 316 2338 putat
329 2298 416 2328 Reid
539 2308 557 2337 5
582 2309 680 2337 quam
700 2298 845 2328 CORP:
870 2309 934 2328 om.
954 2303 982 2328 Δ
1091 2299 1113 2327 6
1137 2298 1250 2337 lepide
1266 2296 1341 2327 add.
1358 2297 1551 2337 Malaspina

222 2343 251 2372 L
269 2342 410 2383 (marg.)
502 2342 683 2381 discriptos
700 2341 788 2372 Reid
903 2343 923 2371 8
947 2342 979 2371 in
997 2340 1071 2372 add.
1095 2341 1197 2371 Orelli
1312 2351 1350 2379 19
1373 2341 1415 2371 ad
1434 2340 1523 2371 Crat.
1543 2351 1549 2370 :

223 2391 255 2417 et
273 2385 315 2415 M
458 2396 498 2424 23
523 2387 640 2425 aequis
657 2385 871 2416 Salmasius:
897 2385 994 2424 equis
1010 2383 1052 2414 M
1193 2393 1233 2423 25
1257 2384 1421 2415 Thalnam
1437 2385 1524 2425 vulg.
1542 2395 1550 2414 z

222 2430 383 2460 Talanam
403 2429 450 2469 M,
470 2430 505 2468 cſs
526 2429 572 2459 ad
586 2430 604 2459 i.
627 2430 673 2459 16.
690 2430 711 2458 6
