1742 2651
592 138 704 176 EPP.
737 138 814 175 AD
845 137 1104 176 ATTICVM
1400 137 1518 174 XIII.
1539 135 1615 172 xix

239 247 496 297 Ligarianam,
529 257 570 286 ut
600 249 726 294 video,
760 250 955 299 praeclare
984 248 1194 286 auctoritas
1225 255 1290 285 tua
1321 257 1562 285 commen-2

184 312 300 350 davit.
360 313 519 363 Scripsit
550 314 655 352 enim
685 316 735 353 ad
767 328 828 352 me
858 314 1004 352 Balbus
1035 322 1072 351 et
1103 312 1257 363 Oppius
1288 312 1448 350 mirifice
1479 327 1519 350 se

185 378 349 427 probare
371 379 424 416 ob
444 392 611 428 eamque
633 393 789 417 causam
814 380 864 417 ad
887 380 1096 417 Caesarem
1119 391 1206 416 eam
1234 391 1274 415 se
1302 376 1520 414 oratiuncu-

185 444 262 480 lam
285 442 445 481 misisse.
508 445 600 481 Hoc
621 443 735 493 igitur
754 443 858 482 idem
881 451 922 480 tu
944 442 1038 480 milii
1060 450 1176 480 antea
1196 442 1414 491 scripseras.

147 518 166 551 5
242 509 289 544 In
306 509 481 546 Varrone
508 508 581 546 ista
605 522 721 546 causa
751 522 813 547 me
844 521 923 546 non
954 516 1127 546 moveret
1155 521 1204 545 ne
1225 506 1375 545 viderer
1396 508 1519 555 φιλέν-
1539 516 1563 553 3

186 574 291 619 δοξος
323 574 395 624 (sic
429 574 533 612 enim
574 575 852 613 constitueram
893 574 1093 612 neminem
1133 573 1334 611 includere
1369 572 1408 610 in
1443 573 1521 611 dia-

187 640 296 688 logos
326 652 462 677 eorum
484 639 550 689 qui
571 640 760 691 viverent)
779 654 788 687 3
827 641 896 678 sed
925 639 1016 689 quia
1041 640 1172 676 scribis
1198 646 1236 676 et
1263 637 1472 676 desiderari
1499 650 1521 674 a

188 705 364 742 Varrone
395 712 433 742 et
468 705 598 755 magni
628 705 736 743 illum
771 704 987 751 aestimare,
1019 718 1086 742 eos
1121 703 1274 742 confeci
1305 711 1341 741 et
1372 701 1522 740 absolvi

189 769 322 806 nescio
352 783 471 818 quam
502 771 613 817 bene,
644 772 713 809 sed
742 770 795 808 ita
823 778 1003 808 accurate
1032 777 1074 807 ut
1105 768 1201 806 nihil
1231 776 1363 818 posset
1394 780 1519 816 supra,

134 847 170 868 10
191 834 471 872 Academicam
503 849 663 874 omnem
693 835 965 885 quaestionem
997 834 1104 872 libris
1134 841 1327 884 quattuor.
1390 834 1437 870 In
1467 831 1522 870 eis

189 912 290 948 quae
325 908 433 938 erant
464 908 599 938 contra
633 903 891 951 ἀκαταληψίαν
923 901 1119 950 praeclare
1154 900 1334 937 conlecta
1367 899 1417 936 ab
1446 899 1524 935 An-

190 963 334 1011 tiocho,
359 965 524 1003 Varroni
546 966 648 1005 dedi.
708 968 773 1005 Ad
798 980 844 1005 ea
870 965 953 1016 ipse
981 966 1227 1015 respondeo:
1266 972 1307 1002 tu
1329 977 1369 1001 es
1391 962 1525 1001 tertius

190 1028 230 1066 in
252 1042 432 1068 sermone
463 1039 606 1070 nostro.
666 1031 706 1070 Si
728 1034 887 1071 Cottam
909 1039 946 1069 et
967 1033 1186 1068 Varronem
1218 1029 1396 1067 fecissem
1428 1028 1527 1066 inter

191 1108 232 1132 se
266 1094 514 1145 disputantis,
547 1102 593 1134 ut
622 1111 645 1135 a
678 1104 716 1136 te
747 1096 932 1147 proximis
964 1095 1100 1134 litteris
1131 1096 1360 1141 admoneor,
1394 1107 1525 1131 meum

134 1177 170 1210 15
193 1162 318 1208 κωφὸν
346 1163 548 1211 πρόσωπον
576 1170 687 1201 esset.
748 1164 841 1200 Hoc
876 1162 915 1199 in
949 1160 1120 1211 antiquis
1152 1159 1329 1210 personis
1360 1158 1528 1197 suaviter
1547 1168 1572 1205 4

193 1227 245 1272 fit,
269 1234 311 1264 ut
338 1235 375 1265 et
400 1228 633 1267 Heraclides
660 1228 699 1266 in
730 1227 861 1266 multis
892 1235 929 1265 et
960 1240 1031 1265 nos
1052 1228 1092 1264 in
1115 1238 1154 1263 VI
1180 1226 1251 1264 ‘de
1278 1239 1318 1263 re
1345 1224 1503 1275 publica
1519 1225 1527 1241 '

193 1291 299 1330 libris
334 1293 508 1331 fecimus.
571 1295 668 1332 Sunt
703 1293 820 1332 etiam
853 1294 927 1331 ‘de
961 1293 1137 1330 oratore'
1170 1290 1292 1329 nostri
1325 1297 1400 1328 tres
1432 1288 1527 1326 mihi

193 1358 446 1396 vehementer
475 1358 638 1408 probati.
700 1360 747 1396 In
775 1358 830 1396 eis
857 1371 1016 1407 quoque
1047 1370 1115 1394 eae
1145 1368 1337 1405 personae
1366 1362 1456 1393 sunt
1486 1361 1527 1392 ut

194 1422 290 1459 mihi
329 1425 540 1462 tacendum
581 1423 703 1462 fuerit.
764 1424 927 1463 Crassus
959 1422 1063 1461 enim
1098 1421 1281 1471 loquitur,
1315 1419 1525 1466 Antonius,

134 1504 174 1525 20
196 1487 359 1526 Catulus
408 1501 537 1536 senex,
575 1490 619 1529 C.
655 1488 779 1527 Iulius
820 1490 934 1526 frater
969 1486 1110 1533 Catuli,
1148 1487 1277 1532 Cotta,
1319 1484 1525 1534 Sulpicius.

195 1554 322 1591 Puero
345 1567 407 1592 me
428 1554 491 1592 hic
513 1568 641 1593 sermo
662 1554 870 1601 inducitur,
894 1562 936 1591 ut
957 1554 1087 1591 nullae
1112 1565 1196 1590 esse
1217 1558 1378 1601 possent
1399 1557 1528 1599 partes

194 1631 315 1656 meae.
376 1621 490 1668 Quae
528 1628 660 1659 autern
695 1620 755 1658 his
787 1619 1030 1669 temporibus
1069 1617 1204 1667 scripsi
1233 1617 1529 1667 Ἀριστοτέλειον

194 1697 345 1722 morem
385 1685 533 1723 habent
568 1685 607 1722 in
641 1698 721 1735 quo
752 1685 805 1723 ita
843 1698 972 1723 sermo
1003 1683 1202 1722 inducitur
1233 1690 1451 1720 ceterorum
1487 1689 1528 1719 ut

195 1761 316 1798 penes
356 1748 484 1798 ipsum
520 1749 567 1788 sit
606 1750 855 1800 principatus.
917 1751 979 1787 Ita
1013 1748 1166 1787 confeci
1200 1747 1375 1797 quinque
1410 1747 1529 1785 libros

134 1830 172 1862 25
195 1815 280 1863 περὶ
316 1818 432 1853 τελῶν
470 1822 512 1853 ut
553 1816 745 1864 Epicurea
784 1817 826 1853 L.
864 1817 1079 1864 Torquato,
1116 1813 1249 1852 Stoica
1281 1815 1336 1850 M.
1372 1812 1526 1858 Catoni,

193 1883 459 1930 περιπατητικέι
489 1882 545 1918 M.
578 1880 712 1919 Pisoni
741 1882 886 1919 darem.
945 1880 1251 1929 Ἀζηλοτύπητον
1279 1878 1319 1916 id
1349 1879 1430 1915 fore
1462 1891 1529 1927 pu-

195 1953 317 1984 taram
339 1947 448 1996 quod
473 1959 610 1984 omnes
639 1946 691 1983 illi
719 1947 977 1984 decesserant.
1041 1947 1155 1983 Haec
1179 1943 1465 1989 ‘Academica‚'
1486 1950 1528 1980 ut
1548 1952 1571 1990 5

195 2010 280 2057 scis,
305 2024 395 2048 curn
418 2012 571 2057 Catulo,
596 2012 773 2058 Lucullo,
802 2008 1018 2049 Hortensio
1046 2011 1300 2048 contuleram.
1361 2010 1463 2047 Sane
1490 2007 1528 2045 in

195 2089 382 2126 personas
416 2090 497 2114 non
529 2077 725 2114 cadebant
742 2091 751 2123 3
795 2084 903 2114 erant
937 2076 1042 2114 enim
1078 2076 1304 2128 λογικώτερα
1335 2087 1453 2124 quam
1489 2082 1530 2111 ut

241 2190 260 2210 2
284 2185 318 2210 et
345 2180 478 2219 Oppius
500 2179 596 2210 Visa:
626 2190 690 2210 om.
715 2185 748 2210 et
777 2180 837 2211 M:
863 2180 996 2219 Oppius
1020 2179 1088 2210 secl.
1111 2178 1234 2219 Tyrrell
1363 2179 1384 2207 6
1408 2177 1528 2207 consti-

197 2228 326 2253 tueram
344 2223 428 2254 Pius
444 2235 451 2254 τ
475 2224 722 2253 constituebam
740 2222 781 2252 M
912 2234 928 2262 7
954 2223 1072 2254 scribis
1089 2222 1164 2253 add.
1185 2225 1256 2252 vett.
1381 2232 1401 2260 9
1426 2221 1531 2260 possit

197 2266 326 2306 Kayser
452 2277 489 2305 14
515 2272 551 2296 ut
578 2266 653 2297 add.
683 2271 753 2297 vett.
890 2269 930 2297 16
954 2268 986 2297 in
1016 2266 1090 2296 add.
1120 2265 1242 2296 Sclzz'itz
1380 2275 1416 2303 17
1444 2264 1531 2294 Sunt

200 2309 252 2340 M3
267 2321 274 2340 t
298 2310 341 2341 sit
359 2310 412 2340 Ml
431 2322 438 2341 :
455 2311 501 2341 sic
519 2310 573 2340 M2
724 2321 762 2349 19
785 2314 861 2341 ante
876 2311 1050 2341 Antonius
1066 2309 1141 2340 add.
1160 2308 1325 2340 Scaevola
1347 2307 1535 2347 lls'esenbmg

200 2363 242 2391 23
267 2354 312 2384 ita
328 2364 440 2384 sermo
458 2358 481 2385 Σ
500 2354 584 2385 Crat.
603 2365 608 2383 ε
635 2364 746 2384 sermo
764 2355 809 2384 ita
826 2360 854 2384 Δ
998 2364 1039 2391 29
1062 2352 1308 2393 φιλολογώτερα
1327 2351 1411 2381 Reid
1499 2357 1533 2380 ut

203 2396 249 2426 illi
266 2398 308 2427 de
328 2398 381 2428 his
398 2398 586 2428 somniasse
602 2397 648 2427 C:
675 2398 708 2427 in
727 2398 797 2428 utili
818 2399 936 2428 demus
954 2398 1067 2427 omnia
1085 2402 1117 2426 et
1135 2395 1177 2425 M
