1742 2651
50 95 201 132 XIII.l
566 96 623 132 M.
654 95 822 131 TVLLI
855 94 1162 133 CICERONIS

244 203 280 237 L
421 205 490 236 Ser.
511 206 543 235 in
566 204 751 236 Tusculano
769 205 834 236 circ.
854 205 891 234 :ri
903 205 946 236 K.
968 204 1056 246 Sept.
1076 215 1106 236 a.
1129 215 1187 246 709
1208 204 1287 247 (45).

608 276 780 307 CICERO
810 276 993 307 ATTICO
1023 275 1130 308 SAL.

166 350 183 377 1
256 338 496 376 Admonitus
524 337 762 387 quibusdam
794 337 869 375 tuis
897 337 1032 375 litteris
1063 345 1105 375 ut
1131 338 1181 376 ad
1203 339 1411 377 Caesarem
1438 337 1531 375 ube-

200 402 318 441 riores
339 403 483 441 litteras
502 402 654 440 mittere
675 402 930 448 instituerem,
949 415 1039 440 cum
1062 401 1158 439 mihi
1179 402 1326 440 Balbus
1347 414 1471 451 nuper
1490 401 1530 438 in

199 467 406 505 Lanuvino
429 466 589 505 dixisset
617 480 657 505 se
679 474 716 505 et
739 466 915 517 Oppium
940 466 1139 517 scripsisse
1159 468 1209 505 ad
1232 468 1441 506 Caesarem
1468 479 1531 504 me
1553 480 1568 510 5

198 532 336 582 legisse
357 532 476 570 libros
503 540 639 571 contra
661 533 856 571 Catonem
886 539 925 569 et
945 533 1198 570 vehementer
1221 532 1418 582 probasse,
1443 544 1533 569 con-

199 597 333 648 scripsi
364 599 414 636 de
444 597 488 635 iis
519 597 611 647 ipsis
633 597 739 635 libris
770 597 978 647 epistulam
1001 597 1159 636 Caesari
1189 610 1289 647 quae
1319 598 1533 635 deferretur

198 664 250 701 ad
284 663 560 710 Dolabellam3
602 664 672 701 sed
707 663 790 700 eius
825 664 1049 712 exemplum
1083 662 1170 700 misi
1202 663 1252 700 ad
1285 661 1460 711 Oppium
1494 669 1532 699 et

200 728 370 766 Balbum
404 728 619 777 scripsique
651 729 701 766 ad
732 741 799 766 eos
829 736 871 766 ut
910 736 992 765 tum
1027 727 1167 765 deferri
1198 728 1249 765 ad
1283 726 1531 764 Dolabellam

199 793 378 831 iuberent
414 806 520 831 meas
553 793 698 830 litteras
733 793 763 830 si
799 792 872 842 ipsi
904 794 1127 842 exemplum
1167 792 1410 842 probassent.
1473 793 1533 829 Ita
1556 807 1592 828 10

200 858 297 895 mihi
328 858 606 907 rescripserunt
629 857 725 895 nihil
757 870 948 906 umquam
980 871 1021 895 se
1051 856 1190 906 legisse
1222 856 1360 894 melius
1391 855 1532 906 epistu-

200 924 359 972 lamque
381 936 509 960 meam
531 922 725 960 iusserunt
747 922 829 960 dari
853 922 1095 960 Dolabellae.

159 1000 184 1028 2
256 988 459 1026 Vestorius
485 989 535 1026 ad
562 1001 624 1025 nie
649 987 800 1037 scripsit
822 995 863 1025 ut
885 987 1059 1025 iuberem
1090 986 1288 1036 mancipio
1315 986 1398 1024 dari
1422 999 1533 1024 servo

201 1066 273 1091 suo
302 1066 372 1104 pro
403 1067 490 1091 mea
519 1061 627 1103 parte
660 1052 850 1090 Hetereio
882 1052 1039 1090 cuidam
1074 1053 1241 1089 fundum
1273 1051 1531 1089 Brinnianum

201 1126 243 1157 ut
272 1119 355 1169 ipse
382 1118 416 1157 ei
445 1118 618 1156 Puteolis
647 1126 750 1156 recte
771 1117 970 1167 mancipio
999 1118 1091 1155 dare
1118 1124 1261 1166 posset.
1322 1118 1425 1154 Eum
1456 1129 1532 1154 ser-
1554 1132 1590 1163 15

201 1196 307 1232 vum,
337 1184 367 1222 si
398 1183 468 1221 tibi
498 1183 705 1229 videbitur,
737 1184 788 1221 ad
819 1196 882 1220 me
914 1182 1070 1230 mittes;
1108 1181 1248 1231 opinor
1278 1181 1383 1219 enim
1413 1183 1464 1219 ad
1494 1189 1532 1219 te

201 1249 319 1287 etiam
340 1248 539 1298 scripsisse
560 1247 798 1286 Vestorium.

158 1324 182 1360 3
258 1316 319 1352 De
347 1315 519 1352 adventu
548 1312 725 1352 Caesaris
756 1313 862 1351 idem
887 1313 995 1362 quod
1025 1326 1048 1350 a
1075 1320 1112 1350 te
1139 1311 1234 1349 mihi
1260 1311 1446 1361 scriptum
1474 1318 1532 1349 est

200 1379 251 1417 ab
291 1379 424 1429 Oppio
462 1387 499 1417 et
540 1379 677 1416 Balbo.
753 1378 876 1416 Miror
916 1386 953 1415 te
994 1377 1189 1415 nihildum
1225 1390 1314 1415 cum
1350 1376 1531 1426 Tigellio,

200 1446 305 1482 velut
326 1445 402 1481 hoc
423 1443 563 1493 ipsum,
580 1450 772 1492 quantum
793 1442 987 1492 acceperit
1005 1458 1011 1480 ε
1044 1456 1200 1492 prorsus
1220 1456 1318 1480 aveo
1339 1441 1437 1480 scire
1457 1455 1530 1479 nec
1552 1454 1591 1475 20

154 1520 180 1556 4
201 1517 333 1547 tamen
354 1508 467 1546 flocci
489 1508 599 1546 facio.
647 1508 814 1556 Quaeris
836 1507 932 1557 quid
956 1507 1125 1557 cogitem
1147 1508 1196 1545 de
1217 1507 1374 1545 obviam
1396 1506 1529 1544 itione.

201 1574 310 1623 Quid
340 1587 476 1612 censes
512 1573 584 1610 nisi
621 1573 809 1611 Alsium?
884 1575 933 1611 Et
957 1573 1118 1622 quidem
1150 1574 1201 1610 ad
1235 1573 1443 1610 Murenam
1482 1573 1532 1609 de

200 1639 372 1689 hospitio
393 1639 636 1689 scripseram,
657 1640 727 1677 sed
750 1639 892 1688 opinor
913 1652 1003 1677 cum
1027 1638 1153 1676 Matio
1174 1639 1404 1688 profectum.
1455 1639 1532 1676 Sal—

199 1704 338 1742 lustius
359 1704 473 1754 igitur
493 1704 701 1754 urgebitur.

156 1779 181 1817 5
254 1769 407 1820 Scripto
430 1769 505 1807 iam
527 1769 726 1819 superiore
749 1770 942 1808 versiculo
972 1771 1070 1807 Eros
1097 1768 1192 1806 mihi
1220 1768 1316 1807 dixit
1342 1767 1416 1806 sibi
1445 1769 1532 1805 Mu-
1553 1780 1591 1811 25

199 1849 333 1873 renam
364 1834 633 1873 liberalissime
664 1835 924 1884 respondisse.
987 1836 1046 1872 Eo
1068 1833 1182 1884 igitur
1202 1841 1367 1871 utamur.
1427 1833 1531 1870 Nam

198 1900 314 1938 Silius
345 1899 505 1938 culcitas
535 1914 615 1937 non
647 1900 777 1938 habet.
839 1899 945 1938 Dida
970 1907 1114 1945 autem,
1136 1898 1287 1948 opinor,
1310 1896 1531 1947 hospitibus

199 1973 321 2004 totam
343 1965 473 2003 villam
495 1965 702 2003 concessit.

244 2077 305 2113 LI
461 2079 530 2110 Ser.
550 2081 583 2110 ιίι
606 2079 794 2109 Tusculano
812 2079 846 2109 ix
862 2078 904 2109 K.
926 2078 1012 2117 Sept.
1033 2089 1063 2110 a.
1088 2088 1146 2117 709
1165 2078 1245 2119 (45).

607 2150 780 2180 CICERO
810 2149 991 2180 ATTICO
1023 2148 1129 2180 SAL.
1548 2159 1591 2191 30

165 2235 182 2262 1
255 2224 320 2262 Ad
342 2224 551 2263 Caesarem
581 2236 700 2272 quam
730 2222 817 2260 misi
842 2222 1050 2272 epistulam
1081 2221 1164 2259 eius
1191 2219 1413 2270 exemplum
1436 2217 1531 2269 fugit

203 2303 265 2327 me
295 2297 378 2327 tum
409 2289 479 2327 tibi
509 2288 673 2326 mittere.
736 2289 820 2326 Nec
846 2287 885 2325 id
914 2287 985 2324 suit
1014 2288 1121 2336 quod
1152 2285 1369 2336 suspicariS‚
1397 2294 1439 2323 ut
1469 2298 1532 2323 me

247 2404 264 2432 7
290 2394 328 2423 iis
349 2391 405 2422 Μ2
424 2404 430 2423 :
455 2403 519 2422 om.
542 2390 611 2422 IW:
640 2392 692 2421 his
717 2391 801 2421 Boot
930 2401 976 2431 19,
998 2401 1040 2420 20
1076 2389 1231 2428 Tigellio.
1280 2389 1380 2419 Velut
1400 2413 1407 2421 .
1425 2413 1432 2421 .
1454 2413 1460 2419 .
1478 2399 1530 2420 ac-

203 2437 342 2477 ceperit,
364 2447 502 2476 prorsus
520 2436 564 2465 ila
582 2436 781 2476 intmpunxit
798 2433 921 2464 Mz'iller
1051 2444 1090 2472 27
1117 2434 1228 2464 caldas
1246 2433 1332 2463 Reid
