1742 2651
132 99 218 136 XV.
243 100 351 136 xxiii
599 103 653 139 M.
686 103 853 140 TVLLI
886 104 1193 142 CICERONIS

224 210 311 248 misi
332 212 383 248 ad
406 213 580 250 Brutum.
636 213 759 252 Cuius
780 215 829 252 de
851 213 987 253 itinere
1007 214 1125 253 etiam
1145 229 1191 253 ex
1212 223 1250 254 te
1270 215 1385 254 velim
1407 215 1437 253 si
1459 215 1554 266 quid

224 275 322 314 scies
343 290 591 327 cognoscere.

267 386 420 422 XXIV
468 390 538 422 ΞΝ,
561 392 593 420 in
616 391 801 422 Tusculano
818 393 852 423 vl'
864 393 907 424 K.
930 393 1041 432 Quinti
1064 403 1170 433 mane,
1191 396 1228 423 ul
1243 393 1319 432 vid„
1338 404 1368 424 (ι.
1390 403 1447 432 710
1466 392 1551 433 (44).

631 468 803 499 CICERO
833 468 1016 499 ATTICO
1046 468 1154 500 SAL.

277 539 520 578 Tabellarius
550 553 668 589 quem
699 541 750 578 ad
782 543 946 579 Brutum
981 540 1161 579 miseram
1196 555 1242 579 ex
1274 541 1410 580 itinere
1441 540 1555 579 rediit
1575 549 1594 582 5

224 616 280 641 V11
306 606 392 642 Kal.
455 604 502 641 Ei
523 604 682 643 Servilia
711 605 807 644 dixit
836 619 884 644 eo
913 605 978 644 die
1007 608 1171 644 Brutum
1193 606 1301 645 †his†
1322 607 1551 655 profectum.

222 672 324 708 Sane
355 669 463 707 dolui
494 683 601 708 meas
630 669 776 708 litteras
804 670 977 709 redditas
1007 684 1087 708 non
1115 684 1210 709 esse.
1270 671 1386 709 Silius
1412 672 1463 709 ad
1491 684 1554 708 me

222 748 303 772 non
333 742 500 772 venerat.
561 735 732 774 Causam
762 734 993 784 composui3
1027 748 1116 773 eum
1147 735 1323 774 libellum
1353 735 1423 773 tibi
1453 734 1550 773 misi.

222 800 281 837 Te
302 812 382 849 quo
403 799 467 837 die
488 807 710 849 exspectem
732 799 848 837 velim
869 799 977 838 scire.

265 907 394 942 XXV
484 911 551 942 Scr.
573 912 607 942 in
629 911 815 941 Tusculano
832 911 866 941 iii
879 911 923 942 K.
944 911 1056 950 Quint.
1078 922 1109 942 a.
1130 922 1187 951 710
1201 911 1291 950 (44).
1577 919 1614 940 10

631 987 801 1018 CICERO
832 987 1012 1019 ATTICO
1042 987 1150 1019 SAL.

280 1061 340 1098 De
376 1073 465 1098 meo
497 1059 634 1098 itinere
667 1059 794 1098 variae
828 1060 1070 1107 sententiae3
1111 1059 1222 1098 multi
1254 1060 1359 1098 enim
1392 1061 1443 1098 acl
1478 1073 1551 1098 me.

224 1126 302 1163 Sed
333 1132 373 1162 tu
403 1124 603 1172 incumbe),
633 1138 791 1174 quaeso,
824 1124 863 1162 in
893 1139 980 1163 eam
1014 1139 1160 1163 curam.
1220 1127 1366 1175 Magna
1394 1139 1454 1163 res
1483 1133 1551 1163 est.

224 1191 288 1227 An
318 1191 472 1239 probas,
502 1190 533 1227 si
562 1191 613 1228 ad
642 1192 729 1228 Kal.
755 1191 837 1227 Ian.
864 1190 1112 1240 cogitamus?
1169 1191 1285 1227 Meus
1313 1189 1468 1227 animus
1497 1198 1555 1228 est

223 1268 387 1304 aequus,
408 1255 462 1293 sic
490 1263 622 1293 tamen
650 1263 691 1292 ut
721 1254 750 1292 si
782 1255 878 1292 nihil
908 1254 1135 1293 offensionis
1160 1255 1218 1292 sit.
1278 1256 1354 1293 >rEt
1374 1262 1415 1292 tu
1436 1254 1554 1292 etiam
1578 1268 1616 1300 15

224 1319 321 1358 scire
360 1334 440 1370 quo
478 1320 543 1358 die
583 1320 767 1370 Olympia
814 1334 904 1358 cum
954 1319 1135 1369 mysteria
1182 1319 1339 1358 scilicet.
1412 1321 1466 1356 Vt
1514 1326 1555 1357 tu

224 1384 379 1428 scires†,
411 1399 523 1423 casus
557 1385 765 1424 consilium
800 1385 921 1423 nostri
953 1384 1099 1423 itineris
1133 1384 1332 1423 iudicabit.
1394 1383 1556 1422 Dubite-

225 1463 311 1487 mus
340 1450 463 1500 igitur.
524 1452 595 1488 Est
624 1450 730 1489 enim
760 1450 924 1488 hiberna
953 1450 1148 1500 navigatio
1178 1450 1330 1497 odiosa,
1353 1463 1480 1500 eoque
1510 1464 1557 1488 ex

225 1524 262 1554 te
283 1515 526 1566 quaesieram
548 1515 819 1564 mysteriorum
841 1515 957 1553 diem.
1006 1518 1182 1563 Brutum,
1205 1522 1246 1554 ut
1267 1515 1414 1562 scribis,
1429 1515 1556 1553 visum

226 1581 268 1619 iri
289 1595 311 1619 a
332 1595 394 1620 me
416 1589 521 1631 puto.
583 1582 668 1631 Ego
688 1580 780 1619 hinc
800 1582 890 1620 volo
911 1594 964 1630 pr.
990 1582 1078 1619 Kal.
1578 1592 1615 1614 20

269 1727 422 1762 XXVI
510 1729 577 1762 Scr.
599 1731 632 1761 in
650 1730 813 1771 Arpinati
828 1731 862 1762 vi
874 1731 959 1762 Non.
983 1732 1095 1772 Quint.
1117 1743 1148 1764 α.
1173 1744 1230 1772 710
1248 1732 1335 1775 (44).

629 1818 800 1850 CICERO
831 1819 1013 1851 ATTICO
1043 1819 1151 1851 SAL.

189 1916 208 1945 1
282 1911 342 1947 De
368 1908 505 1958 Quinti
534 1909 692 1959 negotio
722 1909 838 1948 video
867 1923 891 1947 a
922 1918 959 1948 te
989 1910 1122 1949 omnia
1152 1912 1262 1949 faeta.
1324 1911 1395 1949 Ille
1423 1917 1554 1948 tamen

224 1976 332 2013 dolet
352 1974 538 2013 dubitans
559 1982 689 2013 utrum
710 1989 859 2014 morem
880 1983 986 2025 gerat
1007 1977 1155 2026 Leptae
1175 1990 1224 2014 an
1246 1977 1365 2015 fidem
1386 1975 1556 2013 infirmet

225 2040 315 2080 filio.
376 2040 557 2079 Inaudivi
580 2042 622 2078 L.
647 2040 833 2079 Pisonem
853 2043 952 2079 velle
976 2041 1078 2079 exire
1098 2043 1268 2091 legatum
1289 2041 1555 2093 ψευδεγγράφῳ
1577 2054 1615 2086 25

269 2147 290 2175 6
313 2144 379 2185 his]
410 2154 469 2175 HIS
498 2146 533 2185 (i.
547 2156 571 2176 c.
597 2145 678 2175 hora
699 2145 812 2184 prima
839 2145 948 2181 semis)
977 2145 1093 2175 Orelli:
1128 2154 1212 2174 HNIS
1236 2137 1288 2183 Zb‚
1316 2145 1380 2174 hiis
1405 2140 1445 2173 Z!
1469 2144 1561 2184 qnod

225 2188 355 2219 vidclnr
376 2199 439 2218 csse
466 2198 540 2219 nus
566 2189 705 2227 (zlmm
730 2188 944 2225 semitarum:
976 2189 1009 2218 in
1036 2188 1197 2218 Nesidem
1223 2188 1353 2218 Sclzz'clze
1516 2198 1554 2227 15

225 2233 274 2263 sic
291 2226 336 2262 Zb
352 2244 379 2263 v.
393 2244 414 2262 c.
431 2232 548 2262 Rom:
575 2233 603 2262 si
623 2232 682 2261 M:
708 2232 753 2261 ita
767 2228 1007 2262 ZtAFLamb.
1067 2233 1095 2262 si
1108 2242 1173 2263 om.
1186 2235 1258 2262 vett.
1316 2231 1357 2261 Et
1375 2230 1427 2270 tu]
1444 2231 1554 2262 Velim

225 2276 443 2315 Slmckburglz
596 2277 634 2305 16
658 2276 740 2305 scite
758 2274 880 2305 Rosius
983 2275 1143 2314 Olympia
1168 2274 1258 2315 cum]
1281 2274 1359 2304 olim
1384 2275 1554 2313 piaculum

226 2320 346 2349 Rosius
363 2331 370 2350 ε
395 2318 554 2358 Olympia
574 2320 627 2355 (sc.
655 2319 733 2359 sint)
759 2318 976 2359 Slzuckbmglt
1065 2318 1228 2358 mysteria
1245 2317 1370 2348 scilicet
1386 2318 1455 2348 secl.
1470 2317 1556 2348 Boot

224 2362 438 2403 Slmckbmglz
551 2363 633 2392 Vtut
658 2367 710 2392 est
736 2362 801 2399 (vel
822 2362 900 2399 erit)
927 2372 982 2392 res
1000 2361 1125 2392 Moser:
1152 2362 1231 2391 Vtut
1247 2361 1291 2392 sit
1308 2371 1362 2391 res
1379 2362 1485 2401 vulg:
1509 2362 1554 2391 Vt

227 2411 262 2436 tu
273 2407 394 2437 scribis
410 2405 529 2437 Lamb.
545 2405 762 2445 Shuckbmglt
857 2406 894 2435 18
913 2405 972 2437 Est
985 2403 1031 2436 Ζὸ
1045 2417 1050 2436 :
1069 2415 1133 2436 om.
1149 2404 1190 2434 M
1276 2415 1316 2444 23
1341 2415 1359 2435 a
1371 2404 1445 2436 add.
1459 2405 1548 2446 vulg.
