1742 2651
552 111 664 148 EPP.
697 112 774 147 AD
804 111 1065 149 ATTICVM
1397 112 1507 149 XVI.
1526 112 1571 149 vi

138 225 424 274 Leucopetram
464 222 770 261 Tarentinorum
809 230 929 272 atque
972 222 1065 260 inde
1105 223 1315 272 Corcyram
1357 230 1406 269 et,
1441 221 1472 260 si

136 289 321 335 oneraria,
345 288 531 328 statimne
550 290 648 327 freto
668 302 719 327 an
741 287 949 338 Syracusis.
993 289 1084 326 Hac
1105 301 1221 338 super
1242 302 1281 327 re
1302 287 1469 327 scribam

135 356 185 393 ad
207 362 245 392 te
267 354 403 404 Regio.

192 421 260 458 Me
285 420 453 465 hercule,
477 417 531 456 mi
552 418 694 464 Attice,
709 431 835 467 .saepe
857 430 1026 464 mecum,
1491 435 1517 462 2

487 483 535 521 ‘H
565 483 657 533 δεῦρ’
686 483 768 523 ὁδός
797 500 859 521 σοι
887 483 926 520 τί
951 483 1123 526 δύναται,-

138 551 218 588 Cur
238 562 311 598 ego
331 556 463 587 tecum
485 562 564 587 non
586 550 703 586 sum?
733 561 800 586 cur
826 549 973 586 ocellos
1002 547 1149 595 Italiae,
1173 547 1324 586 villulas
1350 562 1468 596 meas,

137 628 217 652 non
252 614 397 652 video?
454 615 532 652 Sed
571 613 611 652 id
645 613 740 651 satis
774 626 969 662 superque
1003 620 1135 651 tecum
1166 626 1229 651 me
1261 627 1342 652 non
1373 628 1469 661 esse,

137 679 232 728 quid
262 678 507 728 fugientem?
545 678 845 728 periculumne?
901 679 953 715 At
984 677 1024 715 id
1055 691 1162 716 nunc
1193 678 1365 727 quidem⁷
1398 679 1473 716 nisi

137 745 258 789 fallor,
282 744 434 780 nullum
464 750 532 780 est.
593 743 656 780 Ad
687 742 816 792 ipsum
847 741 953 779 enim
984 750 1141 780 revocat
1172 756 1235 781 me
1263 743 1474 782 auctoritas

81 822 117 843 ιο
138 816 228 851 tua;
258 806 394 845 scribis
424 806 529 845 enim
560 807 599 844 in
628 808 780 845 caelum
809 806 895 844 ferri
929 806 1216 856 profectionem
1245 821 1373 846 meam
1404 810 1474 847 sed

138 873 191 910 ita
220 872 251 909 si
280 879 371 909 ante
403 873 453 909 K.
478 873 631 909 Ianuar.
665 873 848 912 redeam:
879 873 988 920 quod
1017 871 1180 921 quidem
1208 880 1311 911 certe
1339 873 1473 911 enitar.

140 939 250 975 Malo
280 936 386 975 enim
415 938 477 976 vel
509 950 599 975 curn
630 936 770 975 timore
803 936 913 975 domi
946 950 1031 975 esse
1067 951 1186 987 quam
1221 937 1305 976 sine
1337 938 1475 977 timore

138 1001 305 1040 Athenis
327 1001 413 1039 tuis.
473 1003 551 1040 Sed
570 1009 701 1040 tamen
726 1001 904 1052 perspice
928 1015 1008 1051 quo
1031 1001 1103 1040 ista
1119 1010 1279 1052 vergant
1300 1003 1475 1054 mihique

137 1075 204 1106 aut
218 1066 344 1105 scribe
360 1074 441 1114 aut,
457 1068 566 1117 quod
586 1069 710 1106 multo
727 1068 875 1115 malim,
891 1069 1001 1106 adfer
1014 1068 1108 1117 ipse.
1143 1070 1257 1107 Haec
1271 1070 1472 1108 hactenus.

82 1147 117 1179 15
195 1134 300 1171 Illud
329 1132 446 1171 velim
476 1132 517 1170 in
545 1133 691 1171 bonam
725 1141 875 1183 partem
904 1133 1074 1183 accipias
1106 1147 1170 1172 me
1203 1148 1317 1184 agere
1344 1142 1473 1174 tecum
1495 1147 1518 1183 3

139 1199 247 1248 quod
268 1197 339 1235 tibi
360 1197 497 1236 maiori
519 1211 634 1236 curae
658 1198 778 1236 sciam
801 1212 886 1236 esse
908 1212 1027 1248 quarn
1049 1198 1122 1249 ipsi
1143 1199 1250 1237 mihi.
1301 1200 1476 1238 Nomina

139 1277 237 1310 mea,
266 1275 335 1312 per
362 1263 470 1309 deos,
494 1262 646 1313 expedi,
671 1264 837 1301 exsolve.
901 1264 1011 1301 Bella
1038 1263 1187 1313 reliqua
1212 1263 1375 1314 reliqui3
1406 1266 1476 1304 sed

139 1342 238 1378 opus
268 1336 326 1367 est
356 1328 558 1378 diligentia
590 1328 852 1367 coheredibus
885 1342 954 1378 pro
990 1328 1184 1368 Cluviano
1221 1331 1308 1367 Kal.
1343 1330 1474 1369 Sextil.

139 1396 383 1444 persolutum
412 1402 455 1432 ut
489 1394 548 1432 sit.
610 1395 713 1432 Cum
747 1393 918 1431 Publilio
947 1407 1027 1443 quo
1054 1395 1176 1432 modo
1203 1396 1400 1444 agendum
1428 1395 1476 1433 sit

82 1474 120 1494 20
139 1460 302 1498 videbis.
350 1461 443 1498 Non
465 1461 585 1498 debet
608 1473 753 1509 urgere,
780 1459 969 1508 quoniam
991 1459 1072 1497 iure
1093 1472 1174 1497 non
1195 1459 1351 1498 utimur.
1397 1461 1476 1499 Sed

140 1533 272 1563 tamen
311 1524 346 1563 ei
385 1538 546 1575 quoque
586 1524 677 1562 satis
714 1523 795 1561 fieri
831 1525 947 1573 plane
982 1525 1082 1561 volo.
1142 1524 1350 1563 Terentiae
1385 1539 1476 1564 vero

139 1590 236 1640 quid
257 1604 330 1641 ego
362 1592 522 1630 dicam?
580 1591 711 1629 Etiam
739 1598 831 1628 ante
856 1589 973 1635 diem,
998 1589 1029 1627 si
1056 1597 1178 1638 potes
1240 1590 1347 1638 Quin
1369 1589 1410 1637 si,
1434 1598 1476 1628 ut

139 1669 265 1704 spero,
289 1657 464 1696 celeriter
488 1657 528 1695 in
551 1657 725 1707 Epirum,
756 1657 832 1694 hoc
862 1656 969 1704 quod
1001 1654 1093 1692 satis
1115 1655 1208 1693 dato
1229 1656 1358 1693 debeo
1382 1663 1475 1705 peto

139 1735 162 1758 a
182 1728 220 1759 te
241 1729 282 1760 ut
302 1731 393 1761 ante
424 1723 630 1773 provideas
661 1724 857 1772 planeque
884 1720 1069 1770 expedias
1097 1727 1135 1758 et
1165 1722 1337 1758 solutum
1364 1720 1475 1759 relin-

82 1798 119 1829 25
140 1799 248 1836 quas.
310 1789 387 1827 Sed
409 1789 459 1826 de
480 1787 539 1827 his
561 1788 667 1835 satis,
690 1796 904 1837 metuoque
927 1800 977 1824 ne
999 1793 1039 1824 tu
1061 1785 1227 1822 nimium
1248 1793 1371 1835 putes.
1492 1798 1518 1836 4

196 1854 314 1891 Nunc
336 1853 621 1904 neglegentiam
644 1867 772 1891 meam
795 1867 1001 1903 cognosce.
1064 1853 1148 1888 ‘De
1168 1850 1310 1900 gloria⁷
1330 1851 1472 1890 librum

139 1918 191 1956 ad
230 1925 266 1956 te
306 1918 404 1956 misi.
472 1921 526 1956 At
564 1918 602 1956 in
643 1932 690 1957 eo
729 1918 1005 1968 prohoemium
1047 1917 1153 1956 idern
1193 1924 1251 1954 est
1286 1918 1394 1966 quod
1433 1917 1473 1955 in

141 1983 384 2021 Academico
423 1983 547 2022 tertio.
608 1984 657 2021 Id
692 1983 821 2021 evenit
860 1984 913 2022 ob
953 1997 1039 2021 eam
1080 1996 1161 2020 rem
1197 1983 1306 2031 quod
1344 1982 1473 2020 habeo

142 2049 327 2086 volumen
358 2048 691 2098 prohoemiorum.
752 2050 811 2086 Ex
832 2062 880 2087 eo
901 2048 1041 2098 eligere
1063 2050 1172 2087 soleo
1193 2061 1283 2086 curn
1310 2047 1472 2097 aliquod

82 2130 124 2160 30
144 2115 373 2166 σύγγραμμα
411 2113 571 2151 institui.
646 2115 785 2163 Itaque
825 2113 901 2151 iam
942 2113 980 2150 in
1013 2115 1251 2160 Tusculano,
1289 2113 1357 2162 qui
1391 2126 1471 2150 non

188 2227 201 2246 1
231 2218 474 2258 Leucopetram
488 2217 673 2247 Baz'lercoll.
691 2228 718 2256 7.
736 2228 767 2247 1:
789 2217 1017 2257 Leucopetras
1034 2219 1121 2250 codd.
1213 2224 1314 2258 atque
1330 2218 1470 2248 Lan1l1.:

141 2266 193 2292 ast
209 2261 297 2292 codd.
463 2271 480 2300 7
506 2262 588 2291 satis
605 2260 680 2292 add.
699 2260 880 2291 Asceust'ns
1049 2273 1070 2301 9
1094 2263 1199 2295 enim'l
1219 2268 1331 2293 autem
1347 2261 1471 2292 Sclziils

144 2314 182 2342 13
207 2305 362 2344 prospice
378 2304 468 2345 vulg.
576 2314 611 2344 17
639 2304 766 2344 reliqua
779 2299 859 2335 ΕΖΝ
884 2315 941 2335 v.c.
962 2304 990 2334 L
1010 2307 1148 2346 (marg.)
1166 2318 1173 2336 τ
1191 2317 1254 2337 om.
1272 2306 1312 2335 M
1428 2315 1468 2343 27

142 2348 229 2378 idem
252 2347 457 2389 lVescnbng:
483 2348 515 2380 id
533 2348 619 2379 codd.
774 2358 817 2387 30
840 2348 914 2389 qui]
934 2359 1009 2378 cum
1025 2348 1151 2389 Sz'esbye

1319 2425 1381 2456 36*
