1742 2651
598 150 710 187 EPP.
743 150 820 186 AD
851 148 1110 187 ATTICVM
1442 147 1510 183 IX.
1534 147 1578 181 ix

178 273 354 298 meorum
385 274 514 311 neque
545 268 676 299 tamen
706 262 757 299 de
786 268 824 299 te
844 259 911 310 qui
942 259 1109 297 maxime
1134 271 1244 296 meus
1273 271 1309 295 es
1329 256 1509 306 cogitavi.

176 325 357 363 Sciebam
379 325 483 364 enim
506 333 543 364 te
567 329 710 375 ‘quoto
737 327 866 364 anno'
887 332 925 366 et
949 329 1163 374 ‘quantum
1194 323 1233 360 in
1255 324 1362 361 solo'
1384 323 1508 360 solere

175 403 359 439 quaerere
394 405 522 440 neque
556 393 683 429 solum
725 392 878 429 Romae
909 391 980 428 sed
1013 389 1129 427 etiam
1164 387 1254 426 Deli
1288 395 1399 425 tuum
1438 387 1507 424 διά-

173 472 326 506 γραμμα
355 455 540 494 videram.
599 458 747 494 Verum
782 464 914 493 tamen
945 468 1017 504 ego
1048 454 1158 500 illud,
1179 465 1420 502 quamquam
1451 459 1508 488 est

137 521 332 567 5bellum‚
374 520 534 559 minoris
581 521 746 559 aestimo
785 534 903 570 quam
949 519 1228 557 aestimabatur
1275 516 1508 554 Marcellino

172 586 348 631 consule)
368 598 458 622 cum
489 599 561 635 ego
591 586 685 623 istos
715 586 890 623 hortulos
920 592 1077 634 propter
1106 584 1271 621 domum
1302 581 1505 631 antiquam

170 664 285 699 quam
325 659 408 689 tum
454 652 650 690 habebam
693 650 943 689 iucundiores
986 648 1082 686 mihi
1120 650 1201 686 fore
1240 648 1427 698 putabam
1467 654 1504 685 et

171 716 322 756 minore
356 717 536 767 impensa
570 730 687 766 quam
723 716 754 754 si
788 717 1060 753 Tusculanum
1092 713 1324 752 refecissem.
1383 712 1503 750 Volui

172 783 253 819 HS.
278 783 326 830 Q.
387 782 459 832 Egi
489 795 556 831 per
585 783 774 831 †predum
807 781 870 818 ille
901 782 1011 818 daret
1040 779 1137 818 tanti
1166 783 1312 828 quom†
1342 778 1502 816 haberet

113 858 151 882 10
169 849 315 885 venale.
377 847 524 885 Noluit.
584 848 661 884 Sed
687 860 793 884 nunc
820 846 953 883 omnia
974 845 1045 883 ista
1074 845 1200 883 iacere
1229 851 1324 894 puto
1345 851 1503 893 propter

168 925 420 950 nummorum
450 912 661 950 caritatem.
723 911 824 948 Mihi
863 911 1024 960 quidem
1063 910 1133 948 erit
1163 909 1409 959 aptissimum
1441 909 1500 946 vel

167 977 282 1015 nobis
316 977 445 1027 potius
478 977 509 1015 si
540 985 581 1015 tu
615 976 779 1023 emeris3
820 977 889 1014 sed
919 976 1001 1014 eius
1033 976 1252 1014 dementias
1283 988 1377 1013 cave
1411 988 1502 1012 con-

166 1049 331 1080 temnas.
389 1043 516 1081 Valde
536 1050 594 1081 est
614 1050 833 1080 venustum.
883 1043 1136 1091 Quamquam
1158 1041 1252 1078 mihi
1274 1040 1346 1079 ista
1367 1040 1500 1079 onmia

166 1106 242 1144 iam
263 1107 422 1145 addicta
441 1107 609 1145 vastitati
630 1107 820 1145 videntur.

109 1185 146 1215 15
221 1172 427 1222 Respondi
462 1172 637 1222 epistulis
677 1172 799 1210 tribus
831 1173 899 1210 sed
932 1179 1116 1221 exspecto
1149 1171 1271 1219 aliam
1314 1185 1403 1209 nam
1435 1185 1499 1209 me

164 1237 295 1275 adhuc
316 1245 405 1275 tuae
426 1237 574 1276 litterae
595 1245 875 1275 sustentarunt.
935 1239 982 1275 D.
1009 1237 1265 1275 Liberalibus.

208 1414 250 1449 X
454 1417 521 1451 Ser.
543 1420 574 1450 in
593 1419 774 1450 Formiano
789 1429 833 1449 xv
848 1419 891 1450 K.
911 1419 995 1458 Apr.
1017 1430 1046 1450 a.
1068 1430 1121 1460 70}
1137 1420 1223 1460 (49).

574 1535 744 1566 CICERO
768 1535 948 1566 ATTICO
972 1534 1079 1566 SAL.

218 1606 325 1644 Nihil
348 1608 542 1646 habebam
565 1610 673 1658 quod
701 1608 920 1646 scriberem.
982 1609 1124 1656 Neque
1151 1607 1256 1645 enim
1278 1609 1369 1646 novi
1391 1609 1496 1658 quic·
1515 1621 1531 1649 1

104 1684 143 1705 20
163 1684 279 1720 quam
301 1672 501 1710 audieram
523 1682 560 1711 et
587 1675 637 1711 ad
658 1681 743 1711 tuas
771 1673 898 1711 omnis
929 1672 1200 1722 rescripseram
1222 1673 1356 1723 pridie.
1417 1676 1494 1713 Sed

161 1749 251 1773 cum
284 1750 346 1775 me
377 1738 579 1787 aegritudo
618 1752 698 1776 non
737 1739 864 1775 solum
905 1750 1045 1775 somno
1079 1737 1245 1787 privaret
1276 1752 1410 1777 verum
1445 1755 1495 1778 ne

160 1800 315 1850 vigilare
332 1803 493 1852 quidem
510 1803 593 1842 sine
610 1817 766 1842 summo
783 1805 920 1841 dolore
941 1810 1147 1852 pateretur,
1167 1811 1297 1842 tecum
1320 1814 1361 1843 ut
1383 1807 1493 1855 quasi

159 1866 350 1916 loquerer,
371 1867 410 1905 in
432 1881 511 1917 quo
532 1882 612 1906 uno
632 1868 856 1919 acquiesco,
877 1869 953 1906 hoc
980 1868 1114 1906 nescio
1141 1869 1236 1918 quid
1258 1872 1366 1909 nullo
1386 1884 1494 1922 argu-

160 1939 294 1969 mento
314 1933 515 1982 proposito
536 1933 703 1972 scribere
724 1934 882 1972 institui.

206 2043 219 2063 1
247 2044 283 2064 es
300 2034 375 2065 add.
397 2035 512 2066 Lamh.
650 2048 668 2067 2
694 2037 850 2068 Sciebam
869 2032 912 2067 Ζὂ
932 2038 1099 2068 Corradus
1117 2051 1123 2069 :
1156 2038 1297 2069 scribam
1317 2038 1356 2068 M
1472 2050 1491 2078 3

161 2077 236 2107 Deli
254 2083 344 2108 tuum
366 2078 414 2108 Cr
441 2080 600 2109 delituum
627 2080 712 2111 RP:
739 2082 890 2111 delitium
906 2083 942 2111 ill
1065 2082 1245 2122 διάγραμμα
1273 2081 1490 2123 Malaspina:

158 2121 325 2159 digamma
343 2122 430 2152 codd.
566 2125 586 2152 6
610 2125 781 2164 antiquam
799 2136 897 2164 quam
916 2126 1015 2157 Rom.
1037 2125 1073 2155 I:
1108 2127 1283 2165 antiquam
1302 2126 1361 2156 M:
1394 2126 1487 2160 Anti,

158 2174 256 2202 quam
271 2165 341 2195 edd.
466 2177 486 2204 9
513 2177 566 2197 Hs.
585 2177 606 2203 Q
626 2172 633 2202 (
648 2183 672 2192 =
683 2171 869 2208 qztmgcntss
886 2170 1043 2200 7121'll171us‘›
1061 2169 1149 2209 Vz'cl„
1164 2171 1201 2209 cf.
1221 2181 1267 2209 13.
1283 2172 1313 2207 6,
1329 2169 1486 2202 Pn'scian.

159 2208 189 2237 ii.
216 2219 289 2247 407.
316 2219 355 2247 24
383 2209 440 2240 (ed.
470 2210 568 2248 Keil),
587 2210 777 2242 Mommsen
801 2213 832 2241 in
858 2212 1032 2243 *Hcrnn‘s'
1049 2214 1092 2243 iii.
1114 2216 1188 2253 467,
1210 2215 1264 2246 vii.
1283 2216 1370 2251 366:
1395 2224 1448 2244 HS.
1467 2225 1488 2244 D

156 2250 240 2281 Pius
263 2262 302 2282 ex
325 2252 414 2282 codd.
441 2254 529 2284 suis:
557 2263 621 2290 NSQ
646 2254 688 2283 M
827 2266 888 2295 per
913 2258 1074 2295 praedem
1101 2257 1145 2287 illi
1172 2259 1252 2288 dare
1277 2259 1361 2288 tanti
1386 2269 1486 2296 quom

159 2294 282 2324 Gurlt'lt
292 2295 500 2335 cm'dnxsust
512 2297 699 2329 er-slmll:
724 2309 785 2338 per
801 2323 808 2330 .
831 2325 837 2331 .
859 2324 865 2330 .
884 2306 893 2335 (μ
902 2311 1019 2330 nomen
1037 2303 1101 2331 wrt¹
1114 2302 1236 2331 arcidil‘
1259 2303 1432 2341 praedium
1452 2308 1486 2332 ut

156 2337 210 2367 ille
228 2340 394 2369 venderet
412 2340 495 2370 Anti
513 2350 612 2379 quom
630 2344 707 2373 coni.
731 2342 920 2383 W'esenherg
1065 2355 1101 2374 12
1127 2346 1199 2376 eius
1217 2346 1407 2375 dementias
1424 2347 1490 2383 (vel

157 2382 308 2412 eiusdem
336 2385 517 2416 amentiasi
533 2384 618 2415 codd.
635 2397 641 2417 z
667 2386 740 2416 eius
758 2388 847 2417 modi
861 2387 1049 2418 dementias
1063 2388 1164 2418 Reid:
1192 2390 1342 2419 eiusdem
1364 2389 1487 2420 Antias

156 2424 332 2456 Lehmann
478 2437 514 2465 15
539 2429 622 2458 alias
639 2428 691 2458 JW
709 2441 714 2459 :
741 2435 813 2460 tuas
832 2429 882 2460 Ml
901 2442 906 2460 :
931 2432 1013 2461 alias
1032 2436 1107 2462 tuas
1124 2434 1201 2463 com'.
1226 2432 1412 2473 ll’esenbmg
