1742 2651
139 507 156 539 5

118 833 156 855 10

583 124 695 160 EPP.
728 123 806 159 AD
835 123 1095 161 ATTICVM
1425 125 1518 160 XII.
1538 124 1614 160 xxi

178 236 423 272 consulerem
452 233 535 284 ipse
562 233 827 271 iudicaverim.
887 234 1002 282 Quae
1026 233 1160 272 onmia
1187 233 1279 283 quia
1301 236 1402 273 Cato
1432 236 1510 271 lau-

177 299 294 338 dibus
315 301 501 338 extulerat
518 299 557 336 in
574 301 727 337 caelum
748 299 1106 349 perscribendaque
1126 307 1342 341 censuerat,
1362 299 1508 337 idcirco

178 364 217 402 in
239 365 321 403 eius
343 363 578 402 sententiam
600 372 658 402 est
679 365 781 402 facta
805 363 1004 402 discessio.
1066 363 1148 401 Hic
1174 372 1305 402 autem
1328 378 1369 402 se
1390 364 1507 402 etiarn

177 430 346 468 tribuere
367 432 533 467 multum
555 429 609 467 mi
629 437 741 480 putat
768 430 877 479 quod
904 429 1100 478 scripserit
1124 429 1341 478 ‘optimum
1369 443 1507 467 consu-

176 497 278 533 lem.'
335 495 435 544 Quis
462 494 567 533 enim
594 494 762 532 ieiunius
790 494 886 532 dixit
913 494 1124 532 inimicus?
1181 495 1246 532 Ad
1267 502 1395 532 cetera
1415 509 1507 532 vero

176 560 246 598 tibi
268 574 386 610 quem
406 561 457 598 ad
479 561 643 597 modum
671 559 867 608 rescripsit
885 562 891 597 !
948 561 1123 597 Tantum
1148 567 1257 609 rogat
1278 560 1327 597 de
1348 567 1507 597 senatus

175 627 358 663 consulto
373 633 416 663 ut
432 624 609 674 corrigas,
658 626 751 662 Hoc
766 624 928 674 quidem
944 624 1110 669 fecisset,
1128 624 1245 662 etiam
1263 624 1294 662 si
1310 639 1333 661 a
1350 624 1507 663 librario

175 689 402 727 admonitus
423 697 535 727 esset.
595 690 674 726 Sed
695 690 793 726 haec
814 688 955 726 iterum
976 688 1059 738 ipse
1080 688 1230 726 viderit.

232 756 293 792 De
313 754 434 791 hortis
455 753 643 803 quoniam
664 754 819 802 probas,
843 755 953 792 effice
973 753 1135 803 aliquid.
1188 754 1379 793 Rationes
1401 769 1507 793 meas
1527 763 1551 790 2

174 818 288 856 nosti.
348 818 388 856 Si
409 832 500 856 vero
530 818 647 856 etiam
668 832 691 855 a
713 817 879 856 Faberio
910 818 1059 868 aliquid
1085 819 1232 857 recedit
1253 819 1349 857 1111111
1377 820 1507 869 negoti

175 891 243 922 est.
302 885 380 921 Sed
401 883 518 921 etiam
541 883 623 921 sine
650 896 698 921 eo
725 896 841 933 posse
861 883 997 922 videor
1025 886 1276 923 contendere.
1337 886 1507 923 Venales

175 957 278 988 certe
305 956 396 987 sunt
425 949 554 996 Drusi,
578 950 740 988 fortasse
768 948 886 987 etiam
915 949 1095 987 Lamiani
1120 958 1158 988 et
1179 949 1369 989 Cassiani.
1428 951 1506 988 Sed

174 1029 317 1052 coram.

231 1082 292 1118 De
319 1080 505 1118 Terentia
534 1094 615 1118 non
643 1094 806 1131 possum
837 1081 1087 1119 commodius
1118 1081 1286 1119 scribere
1315 1095 1433 1131 quam
1464 1087 1550 1122 1113

175 1145 321 1183 scribis.
381 1146 568 1184 Officium
603 1145 650 1183 sit
684 1145 800 1184 nobis
833 1146 1164 1196 antiquissimum.
1225 1146 1263 1184 Si
1299 1146 1393 1196 quid
1433 1160 1505 1184 nos

174 1210 361 1257 fefellerit,
381 1209 481 1248 illius
503 1212 607 1249 malo
627 1225 691 1249 me
707 1225 826 1261 quam
848 1211 924 1249 mei
946 1211 1155 1262 paenitere.
1203 1211 1326 1251 Oviae
1341 1213 1385 1251 C.
1403 1211 1503 1249 Lolli
1522 1221 1549 1260 4

172 1276 346 1313 curanda
366 1283 457 1313 sunt
480 1277 550 1313 Hs
571 1287 605 1313 c.
652 1277 780 1326 Negat
803 1279 901 1314 Eros
922 1291 1039 1326 posse
1059 1277 1143 1315 sine
1160 1290 1234 1323 me,
1251 1278 1380 1322 credo,
1397 1278 1505 1326 quod

171 1340 402 1390 accipienda
422 1340 554 1390 aliqua
574 1340 623 1378 sit
638 1348 676 1379 et
692 1342 825 1379 danda
844 1341 1078 1380 aestimatio.
1124 1343 1279 1380 Vellem
1303 1341 1371 1379 tibi
1394 1341 1506 1379 dixis-

172 1413 240 1443 set.
301 1405 338 1443 Si
360 1405 465 1443 enim
488 1419 547 1443 res
569 1413 626 1443 est
654 1413 695 1443 ut
723 1405 819 1443 mihi
847 1406 1001 1456 scripsit
1026 1414 1159 1456 parata
1185 1421 1258 1445 nec
1283 1406 1322 1444 in
1344 1421 1391 1445 eo
1420 1407 1505 1457 ipso

115 1484 128 1504 2
172 1470 368 1517 mentitur,
392 1484 460 1520 per
490 1478 528 1509 te
557 1470 699 1509 confici
729 1470 867 1520 potuit.
930 1473 978 1509 Id
1007 1486 1222 1522 cognoscas
1253 1479 1291 1510 et
1318 1472 1504 1511 conficias

170 1535 299 1574 velim.

226 1603 347 1650 Quod
381 1615 443 1639 me
477 1602 516 1639 in
552 1603 677 1640 forum
710 1616 838 1649 vocaS‚
868 1617 916 1640 eo
948 1617 1065 1641 vocas
1098 1604 1204 1641 unde
1237 1603 1353 1641 etiam
1388 1603 1500 1641 bonis
1520 1610 1544 1649 5

172 1666 268 1705 meis
295 1667 410 1704 rebus
436 1666 643 1716 fugiebam.
705 1667 813 1715 Quid
843 1667 949 1705 enim
980 1668 1075 1705 mihi
1106 1669 1190 1705 foro
1221 1668 1304 1706 sine
1334 1668 1500 1715 iudiciis,

171 1731 254 1769 sine
285 1731 403 1778 curia,
433 1731 472 1769 in
512 1733 648 1769 oculos
678 1731 966 1770 incurrentibus
997 1733 1042 1771 iis
1073 1747 1172 1783 quos
1207 1733 1341 1771 animo
1375 1747 1504 1784 aequo

115 1810 148 1830 2·
170 1796 301 1835 videre
322 1810 402 1834 non
423 1798 615 1846 possum?
673 1798 793 1845 Quod
820 1805 953 1835 autem
974 1812 997 1835 a
1019 1812 1081 1836 me
1103 1797 1285 1836 homines
1306 1800 1503 1848 postulare

170 1862 306 1900 scribis
339 1867 385 1898 ut
410 1864 557 1899 Romae
586 1862 657 1898 sim
693 1875 807 1910 neque
838 1864 937 1900 milli
967 1869 1011 1900 a!
1042 1864 1162 1900 absim
1197 1865 1383 1901 concedere
1412 1868 1502 1904 †aut

170 1930 388 1978 quatenus†
410 1941 478 1965 eos
505 1926 601 1964 mihi
626 1928 855 1974 concedere,
879 1927 956 1965 iam
984 1928 1136 1978 pridem
1166 1928 1264 1967 scito
1292 1943 1387 1975 esse,
1411 1944 1501 1968 curn

215 2053 230 2081 7
256 2054 274 2072 a
301 2043 436 2072 librario
464 2041 575 2071 Koclz:
610 2041 698 2072 rario
726 2042 840 2073 codsa:
875 2044 989 2073 Salvio
1013 2044 1190 2083 JIosmaun
1216 2045 1282 2075 coll.
1312 2045 1381 2075 xiii.
1404 2055 1453 2082 44.
1481 2055 1502 2083 3

173 2098 211 2117 10
235 2087 360 2125 aliquid
381 2086 466 2116 Crat.
484 2085 511 2113 L
528 2098 532 2118 1
545 2086 669 2126 marg.)
688 2080 753 2116 Zl':
779 2097 845 2118 0111.
864 2087 953 2118 codd.
1069 2089 1199 2119 recedit
1220 2083 1402 2118 ORPMZ'*
1419 2089 1507 2118 Resd

168 2131 235 2162 coll.
248 2136 309 2170 pro
330 2130 458 2169 Qusnst.
478 2130 521 2167 38
539 2141 545 2158 ε
572 2140 626 2159 res
650 2130 738 2159 cedit
759 2129 852 2160 Man.
870 2142 875 2160 t
905 2132 992 2161 redit
1014 2132 1062 2161 vel
1081 2132 1219 2162 redierit
1240 2131 1345 2161 Boot:
1371 2134 1501 2162 accedit

167 2185 184 2204 s
201 2174 299 2204 Klotz
391 2184 426 2213 17
454 2173 539 2203 Eros
559 2172 635 2202 Vict.
655 2183 662 2202 :
691 2173 759 2203 sors
776 2174 868 2204 codd.
958 2186 999 2213 23
1026 2176 1103 2205 mihi
1125 2187 1199 2206 cum
1218 2177 1291 2205 soro
1313 2175 1427 2212 Eilslls,
1448 2175 1506 2205 sed

167 2217 205 2255 cf.
225 2228 276 2248 xv.
300 2228 326 2248 1.
349 2227 362 2246 1
453 2227 493 2254 24
519 2217 629 2245 animo
650 2227 758 2255 aequo
779 2220 803 2248 Σ
822 2217 905 2248 Crat.
926 2230 932 2248 ε
960 2230 1067 2257 aequo
1085 2220 1197 2250 animo
1215 2225 1242 2249 Δ
1342 2230 1382 2257 25
1407 2230 1425 2248 a
1448 2229 1500 2249 me

169 2261 325 2291 homines
349 2263 397 2291 Σε
425 2260 580 2290 homines
600 2270 619 2289 a
635 2270 688 2289 me
706 2264 734 2290 Δ
865 2263 909 2291 26
934 2267 968 2291 ut
991 2263 1121 2293 Romae
1144 2264 1207 2293 sim
1231 2273 1341 2302 neque
1362 2263 1441 2292 mihi
1465 2267 1501 2292 ut

168 2304 273 2334 absim
301 2304 490 2334 concedere
519 2303 539 2332 I
569 2302 654 2333 Crat.
682 2302 827 2333 Lamb.:
865 2315 929 2335 om.
962 2305 1050 2337 codd.
1141 2312 1197 2336 aut
1226 2306 1409 2346 quatenus]
1443 2311 1501 2335 aut

168 2348 412 2386 quadamtenus
435 2346 580 2377 Lama:
619 2346 832 2385 aliquatenus
856 2347 1052 2380 Andresen:
1080 2349 1164 2388 fort.
1191 2355 1224 2380 at
1255 2351 1501 2389 quadamtenus

168 2401 208 2431 27
233 2391 319 2422 scito
336 2391 429 2432 esse]
455 2391 525 2421 scio
546 2390 592 2420 ita
609 2400 685 2420 esse
703 2389 853 2421 Schmidt

1341 2440 1401 2471 27*
