1742 2651
119 913 157 934 10

116 1562 155 1583 20

593 110 704 146 EPP.
736 110 814 146 AI)
843 109 1103 147 ATTICVM
1490 111 1537 146 X.
1561 108 1636 145 viii

182 224 334 256 teresse.
407 219 466 255 Eo
496 218 612 256 velim
645 225 723 256 tam
758 217 859 256 facili
899 217 955 256 uti
993 231 1108 267 posse
1147 225 1184 256 et
1218 225 1296 256 tam
1333 219 1439 257 bono
1473 218 1512 256 in

181 297 244 321 me
282 291 400 332 quam
441 282 624 322 Curione.
685 284 724 320 Is
758 283 808 320 ad
845 281 1044 320 Misenum
1080 295 1119 319 vl
1158 284 1294 320 Nonas
1330 290 1513 321 venturus

179 347 393 395 dicebatur,
417 347 456 386 id
477 355 535 385 est
555 347 685 386 hodie.
745 348 824 385 Sed
848 346 1046 397 praemisit
1073 346 1169 385 mihi
1189 347 1346 386 odiosas
1367 348 1512 386 litteras

180 413 255 451 hoc
276 413 479 462 exemplo:

821 506 869 542 A.

499 589 569 622 Ser.
589 591 668 621 sirm
677 591 784 630 finem
803 601 846 621 m.
867 591 950 631 Apr.
969 602 1000 623 a.
1021 601 1074 630 705
1093 592 1182 632 (492

256 679 574 718 ‘ANTONIVS
603 681 750 717 TRIB.
784 681 860 716 PL.
894 681 1004 719 PRO
1037 682 1117 718 PR.
1151 682 1429 721 CICERONI

719 746 833 782 IMP.
865 746 977 783 SAL.

231 831 315 870 Nisi
350 839 387 870 te
421 833 534 870 valde
567 845 738 870 amarem
773 840 811 870 et
846 833 970 870 multo
1002 832 1163 882 quidem
1196 835 1283 883 plus
1315 848 1433 883 quam
1469 842 1510 872 tu
1530 846 1548 873 1

176 904 301 947 putas,
335 910 415 935 non
450 896 716 935 extimuissem
750 910 947 935 rumorem
979 897 1046 946 qui
1078 899 1127 936 de
1162 906 1199 936 te
1233 900 1406 948 prolatus
1441 907 1509 946 est,

175 976 267 1000 cum
306 962 533 1012 praesertim
572 963 711 1000 falsum
751 975 836 1000 esse
875 962 1147 1001 existimarem.
1227 965 1304 1001 Sed
1344 963 1435 1013 quia
1474 972 1511 1002 te

175 1027 297 1065 nimio
319 1029 406 1078 plus
427 1027 558 1077 diligo,
581 1040 661 1065 non
682 1040 843 1077 possum
864 1027 1110 1066 dissimulare
1135 1028 1231 1065 mihi
1252 1030 1395 1066 famam
1418 1043 1511 1078 quo-

175 1106 262 1142 que,
295 1092 473 1142 quamvis
503 1091 550 1130 sit
580 1093 684 1138 falsa,
717 1091 847 1141 magni
878 1105 973 1130 esse.
1039 1095 1089 1130 Te
1122 1093 1269 1130 ilelrmn
1300 1107 1373 1131 esse
1407 1101 1511 1132 trans

175 1171 280 1196 mare
310 1158 468 1195 credere
498 1170 577 1195 non
607 1169 780 1207 possum,
807 1170 897 1194 cum
925 1156 1022 1194 tanti
1052 1157 1169 1195 facias
1200 1159 1448 1196 Dolabellam
1478 1164 1515 1196 et

136 1235 151 1265 ζ
175 1223 345 1261 Tulliam
376 1230 494 1268 tuam,
527 1222 713 1260 feminam
744 1221 1007 1269 lectissimam,
1039 1222 1217 1272 tantique
1245 1223 1296 1261 ab
1326 1223 1510 1262 omnibus

174 1288 290 1326 nobis
322 1289 418 1335 fias3
460 1287 603 1337 quibus
633 1300 695 1325 me
725 1288 883 1325 hercule
912 1287 1081 1336 dignitas
1110 1287 1411 1337 amplitudoque
1446 1296 1511 1326 tua

173 1366 299 1403 paene
320 1352 444 1390 carior
471 1360 529 1390 est
550 1365 668 1402 quam
695 1351 765 1390 tibi
795 1351 878 1401 ipsi.
939 1353 1016 1390 Sed
1043 1360 1175 1390 tamen
1202 1366 1282 1390 non
1308 1366 1394 1390 sum
1415 1353 1512 1391 arbi-

173 1426 294 1455 tratus
329 1431 414 1456 esse
447 1417 563 1455 amici
595 1431 675 1455 non
707 1417 946 1456 commoveri
981 1417 1099 1455 etiarn
1133 1418 1404 1468 improborum
1439 1431 1512 1456 ser-

174 1496 292 1521 mone
325 1490 444 1532 atque
480 1496 527 1521 eo
566 1483 639 1521 feci
678 1482 891 1521 studiosius
925 1484 1034 1532 quod
1073 1483 1296 1521 iudicabam
1336 1482 1511 1522 duriores

174 1548 292 1598 partis
313 1548 409 1585 mihi
438 1547 639 1598 impositas
667 1562 752 1586 esse
782 1549 831 1586 ab
859 1548 1077 1586 offensione
1101 1556 1242 1595 nostra,
1267 1562 1368 1598 quae
1389 1548 1511 1598 magis

170 1627 196 1651 a.
219 1614 423 1662 ζηλοτυπίᾳ,
453 1626 541 1651 mea
570 1626 688 1662 quam
717 1613 768 1651 ab
799 1612 939 1650 iniuria
968 1620 1034 1650 tua
1063 1620 1154 1651 nata
1183 1620 1251 1651 est.
1311 1613 1375 1651 Sic
1404 1613 1509 1651 enim

173 1679 263 1716 volo
297 1685 335 1716 te
366 1677 437 1715 tibi
468 1679 713 1727 persuadere,
748 1677 843 1715 mihi
882 1677 1082 1716 neminem
1122 1691 1206 1716 esse
1245 1677 1433 1716 cariorem
1473 1685 1510 1716 te

174 1750 338 1792 excepto
366 1744 533 1781 Caesare
563 1756 663 1790 meo,
693 1756 836 1792 meque
865 1742 962 1781 illud
992 1756 1070 1780 una
1099 1742 1272 1780 iudicare
1299 1744 1508 1782 Caesarem

175 1807 343 1846 maxime
364 1807 404 1844 in
425 1807 503 1845 suis
526 1808 581 1844 M.
602 1807 834 1846 Ciceronem
856 1821 1054 1857 reponere.
1107 1809 1198 1856 Qua
1217 1821 1267 1854 re,
1287 1807 1340 1845 mi
1355 1807 1506 1855 Cicero,
1527 1822 1552 1850 2

117 1887 154 1908 -’
176 1880 214 1910 te
243 1885 337 1922 rogo
367 1879 409 1910 ut
438 1871 509 1909 tibi
538 1871 671 1909 omnia
699 1871 848 1922 integra
876 1886 1019 1919 serves,
1048 1871 1130 1910 eius
1161 1873 1279 1910 fidem
1310 1871 1509 1922 improbes

175 1937 243 1987 qui
267 1937 339 1975 tibi
366 1946 408 1974 ut
435 1936 671 1975 beneficium
698 1938 807 1975 daret
837 1937 942 1986 prius
972 1937 1152 1975 iniuriam
1180 1937 1282 1983 fecit,
1305 1945 1440 1975 contra
1460 1952 1510 1977 ne

174 2002 369 2052 profugias
390 2001 457 2051 qui
479 2009 527 2047 te,
550 2001 621 2039 etsi
642 2015 722 2039 non
742 2002 900 2048 amabit,
925 2003 1033 2052 quod
1060 2001 1238 2040 accidere
1265 2015 1346 2040 non
1366 2011 1507 2053 potest,

174 2075 306 2104 tamen
327 2068 476 2104 salvum
498 2065 863 2116 amplissimumque
885 2080 970 2105 esse
990 2066 1133 2116 cupiet.

220 2179 233 2198 r
260 2179 361 2208 posse
380 2170 587 2209 Lahmeyer:
614 2180 745 2208 possem
772 2170 917 2201 ORMs:
945 2171 1070 2209 possim
1089 2170 1122 2199 P
1137 2170 1258 2201 Msiller
1372 2183 1409 2202 10
1434 2183 1509 2212 pcr-

176 2213 263 2243 latus
278 2214 359 2244 coni.
379 2213 481 2243 Orelli
598 2223 635 2251 13
660 2213 742 2243 falsa
761 2213 935 2244 M2ORP:
963 2214 1080 2243 salsam
1099 2225 1248 2252 agnosco
1268 2215 1330 2245 (vel
1343 2217 1508 2255 agnosce)

177 2255 230 2285 M1
249 2257 412 2296 (agnosco
424 2256 558 2297 punctis
574 2260 741 2296 notatum)
757 2269 764 2288 ε
790 2258 884 2295 falsa,
903 2257 1021 2287 salsam
1039 2267 1228 2296 agnoscere
1245 2254 1293 2287 ΖΒ
1397 2261 1509 2298 magni

175 2300 269 2330 Il1²sz
302 2311 424 2338 magno
442 2299 614 2330 M¹ORPz
641 2301 675 2330 in
693 2301 805 2331 animo
824 2300 865 2330 Μ
879 2301 1019 2340 (mmg.)
1132 2301 1180 2331 Te
1199 2303 1321 2332 iturum
1340 2313 1415 2333 esse
1433 2303 1509 2333 add.

176 2343 290 2373 Baiter
305 2355 312 2373 t
329 2344 378 2374 Te
396 2345 518 2374 iturum
536 2343 612 2374 add.
631 2344 651 2373 I
663 2344 862 2375 Ascensius:
880 2345 929 2374 Te
948 2344 1164 2374 transiturum
1184 2346 1211 2375 L
1232 2348 1373 2386 [margsl
1472 2357 1509 2384 14

177 2392 210 2416 et
235 2386 312 2418 add.
330 2390 401 2417 vett.
615 2398 656 2425 23
680 2398 756 2418 meo
773 2399 893 2427 meque
910 2388 991 2418 illud
1009 2398 1076 2417 una
1093 2388 1241 2418 iudicare
1262 2389 1299 2420 C:
1335 2400 1399 2420 om.
1419 2389 1507 2422 codd.

177 2429 359 2460 Caesarem
377 2430 536 2460 RPM2s:
562 2440 627 2462 ont.
647 2430 736 2461 OMl
869 2432 911 2461 26
930 2434 1005 2471 post
1018 2441 1059 2461 ne
1077 2431 1152 2462 add.
1169 2432 1211 2462 ab
1227 2442 1268 2462 eo
1286 2432 1404 2463 Lamb.
