1742 2651
140 81 225 116 XV.
244 80 273 115 ii
610 81 663 116 M.
696 80 863 116 TVLLI
896 79 1201 118 CICERONIS

233 189 421 228 inciderat
460 190 498 227 in
533 198 610 228 tam
650 204 805 240 gravem
846 190 1040 236 morbum,
1074 189 1174 228 bene
1205 197 1336 228 actum
1371 204 1461 227 cum
1496 189 1563 227 illo

232 256 404 293 arbitror.
457 258 569 304 Quos
591 263 722 293 tamen
744 256 940 293 secundos
961 255 1125 293 heredes
1146 254 1243 293 scire
1264 254 1379 292 velim
1401 262 1439 292 et
1456 254 1561 293 diem

233 320 466 358 testamenti.

275 469 346 503 III
533 472 601 503 Scr.
622 473 654 502 1'11
671 471 833 512 Arpinati
845 472 882 502 xi
896 472 938 503 K.
958 472 1034 503 Iun.
1057 483 1086 502 a.
1111 482 1166 511 710
1185 472 1271 513 (44).

640 560 810 591 CJCERO
841 560 873 589 A
886 560 1022 590 TTICO
1053 560 1158 592 SAL.
1580 563 1596 593 ἑ

195 658 212 685 Ι
286 648 509 686 Vndecimo
544 649 634 685 Kal.
668 647 803 697 accepi
838 647 877 684 in
905 647 1084 697 Arpinati
1115 649 1212 685 duas
1247 647 1431 697 epistulas
1461 656 1557 694 tuaS,

231 713 373 763 quibus
402 713 555 751 duabus
587 712 683 750 meis
712 711 960 762 respondisti.
1020 714 1108 749 Vna
1135 719 1215 749 erat
1240 724 1294 748 xv
1317 714 1418 758 Kal.³
1441 714 1561 750 altera

231 791 291 816 XII
317 780 420 817 data.
479 779 542 816 Ad
564 777 804 827 superiorem
826 777 940 827 igitur
960 777 1079 826 prius.
1135 779 1325 815 Accurres
1356 777 1394 814 in
1411 779 1560 815 Tuscu-

230 845 374 890 lanum,
405 851 446 881 ut
481 842 644 885 scribis;
684 856 765 892 quo
804 856 867 880 me
897 855 936 879 vl
975 844 1064 880 Kal.
1092 850 1298 880 venturum
1333 842 1556 881 arbitrabar.

231 910 352 957 Quod
382 907 517 945 scribis
552 908 771 957 parendum
804 907 1026 953 victoribus,
1063 921 1142 945 non
1178 907 1273 944 mihi
1304 906 1464 956 quidem
1496 907 1559 945 cui
1582 919 1620 940 10

229 981 320 1011 sunt
348 975 470 1010 multa
497 972 658 1022 potiora.
722 973 825 1009 Nam
856 971 920 1008 illa
950 985 1051 1021 quae
1081 971 1294 1009 recordaris
1323 973 1492 1009 Lentulo
1522 980 1560 1010 et

231 1040 421 1076 Marcello
442 1037 671 1075 consulibus
691 1045 778 1075 acta
795 1037 833 1074 in
854 1038 952 1075 aede
966 1037 1175 1087 Apollinis,
1189 1050 1262 1074 nec
1283 1050 1400 1074 causa
1420 1039 1559 1075 eadem

230 1111 289 1141 est
315 1116 388 1141 nec
417 1102 542 1140 simile
572 1110 738 1152 tempus,
766 1102 991 1152 praesertim
1024 1115 1114 1139 cum
1147 1103 1379 1139 Marcellum
1414 1101 1559 1139 scribas

229 1167 405 1216 aliosque
426 1167 638 1205 discedere.
700 1167 782 1204 Erit
807 1166 921 1216 igitur
948 1166 1062 1204 nobis
1089 1180 1221 1205 coram
1248 1168 1496 1205 odorandum
1521 1174 1559 1204 et

229 1232 551 1270 constituendum
586 1240 724 1269 tutone
757 1234 910 1269 Romae
945 1246 1029 1270 esse
1064 1232 1269 1282 possimus.
1330 1232 1434 1270 Novi
1468 1243 1617 1274 con-15

229 1305 368 1336 ventus
396 1297 635 1335 habitatores
663 1311 756 1335 sane
784 1306 968 1345 movent3
999 1297 1037 1334 in
1061 1296 1210 1347 magnis
1235 1297 1340 1335 enim
1362 1311 1559 1335 versamur

228 1361 427 1412 angustiis.
502 1362 579 1399 Sed
618 1369 709 1399 sunt
749 1361 820 1399 ista
859 1362 992 1410 parvi3
1037 1362 1131 1411 quin
1167 1370 1204 1399 et
1244 1362 1390 1399 maiora
1428 1370 1559 1400 conte-

230 1429 413 1467 mnimus.
472 1430 617 1467 Calvae
647 1436 925 1466 testamentum
954 1429 1135 1478 cognovi,
1160 1428 1332 1467 hominis
1362 1427 1483 1478 turpis
1512 1441 1558 1465 ac

228 1493 389 1531 sordidi.
438 1494 591 1531 Tabula
610 1493 818 1531 Demonici
841 1495 949 1542 quod
967 1494 1036 1531 tibi
1058 1508 1174 1532 curae
1195 1502 1252 1532 est
1272 1501 1436 1543 gratum.
1497 1494 1558 1530 De

229 1560 391 1598 ·1<malo†
422 1558 556 1608 scripsi
592 1558 668 1595 iam
704 1558 855 1607 pridem
890 1559 940 1596 ad
976 1559 1222 1597 Dolabellam
1254 1557 1554 1604 accuratissime,
1579 1573 1618 1594 20

230 1625 350 1661 modo
370 1623 545 1661 redditae
567 1623 715 1660 litterae
736 1622 824 1660 sint.
885 1623 979 1661 Eius
1000 1637 1117 1661 causa
1137 1631 1174 1661 et
1195 1623 1312 1673 cupio
1333 1630 1370 1660 et
1390 1622 1530 1660 debeo.

183 1704 207 1731 2
282 1690 411 1728 Venio
449 1691 500 1728 ad
539 1690 775 1739 propiorem.
839 1690 1019 1740 Cognovi
1050 1692 1101 1729 de
1133 1690 1323 1728 Alexione
1357 1703 1459 1739 quae
1493 1689 1558 1726 de-

227 1755 460 1793 siderabam.
525 1754 678 1791 Hirtius
717 1762 775 1792 est
815 1763 916 1792 tuus.
976 1755 1163 1801 Antonio,
1204 1755 1449 1804 l⁴quoniaml⁴
1483 1760 1552 1800 est,

228 1822 318 1858 volo
349 1819 459 1869 peius
493 1833 590 1857 esse.
652 1821 712 1857 De
747 1819 899 1868 Quinto
932 1820 1021 1866 filio,
1057 1829 1098 1858 ut
1131 1820 1278 1867 scribis,
1302 1823 1375 1860 †A.
1398 1821 1456 1857 M.
1482 1819 1554 1857 C.†

230 1887 291 1923 De
323 1894 429 1935 patre
463 1899 594 1923 coram
629 1899 802 1934 agemus.
868 1888 1031 1924 Brutum
1070 1887 1178 1924 omni
1214 1901 1252 1925 re
1284 1900 1361 1936 qua
1392 1898 1553 1935 possum
1576 1899 1614 1930 25

227 1950 344 1999 cupio
370 1950 511 1987 iuvare.
570 1950 693 1987 Cuius
720 1951 769 1987 de
797 1950 1041 1988 oratiuncula
1066 1951 1170 1989 idem
1192 1959 1229 1989 te
1250 1952 1358 2001 quod
1384 1964 1446 1988 me
1471 1963 1554 1987 sen-

270 2065 290 2084 2
313 2055 409 2085 velim
445 2056 565 2086 Orelli:
605 2057 725 2087 vellem
759 2056 800 2086 M
987 2059 1008 2087 6
1047 2058 1079 2087 in
1112 2057 1270 2096 Arpinati
1302 2055 1443 2086 Lama:
1484 2055 1553 2085 nati

226 2099 342 2131 (nacti)
369 2098 447 2130 EZ:
481 2110 547 2130 0111.
577 2106 626 2131 Δ;
652 2101 684 2130 in
710 2100 841 2130 Atinati
868 2100 988 2131 Rosius
1146 2112 1182 2138 14
1207 2110 1320 2131 coram
1344 2099 1552 2129 odorandum

227 2142 271 2172 C:
298 2152 376 2172 cura
403 2144 649 2173 moderandum
676 2143 715 2172 M
807 2153 844 2182 15
869 2145 978 2175 tutine
1002 2141 1041 2173 Z‘
1056 2155 1084 2175 v.
1099 2155 1123 2175 c.
1141 2148 1215 2174 ante
1235 2142 1425 2182 Wesenberg
1515 2152 1551 2180 17

225 2185 294 2216 Sed
322 2190 400 2215 sunt
424 2186 547 2217 Rom:
581 2187 642 2217 sed
663 2187 691 2217 si
719 2188 779 2217 M:
814 2187 875 2217 etsi
899 2187 1092 2226 Peerlkamp
1247 2186 1296 2227 et]
1330 2185 1383 2216 vel
1412 2184 1551 2215 Miiller:

225 2230 327 2259 etiam
343 2228 420 2259 coni.
442 2229 554 2259 Bffl'ler
680 2240 718 2269 19
742 2235 818 2261 ante
834 2231 945 2261 tabula
965 2231 1016 2261 De
1032 2229 1169 2261 addend.
1187 2230 1265 2261 coni.
1289 2229 1383 2260 Man.
1510 2239 1552 2259 20

227 2271 332 2302 Mario
345 2271 454 2302 Man.:
482 2272 586 2302 Matio
601 2273 801 2304 Beroaldus:
826 2273 989 2303 Montano
1001 2272 1170 2304 Schmidt:
1194 2273 1322 2303 Manlio
1335 2272 1550 2311 Slmckbmglz

226 2325 265 2353 :23
290 2326 387 2353 quarn
405 2315 468 2345 iam
487 2317 564 2345 comi.
587 2316 707 2347 Orelli:
731 2327 828 2355 quam
846 2317 948 2348 Pius:
972 2318 1131 2356 quoniam
1150 2317 1235 2347 male
1253 2317 1388 2347 Alanus
1510 2326 1549 2354 24

224 2359 265 2387 A.
283 2359 325 2388 M.
346 2358 403 2399 C.]
422 2358 489 2388 ἅλις
511 2359 679 2390 Turnebus
698 2360 879 2391 Gronovius
