1742 2651
61 133 130 170 XI.
154 133 200 168 iv
227 141 254 167 a
535 133 589 168 M.
622 133 790 169 TVLLI
823 132 1129 171 CICERONIS

171 243 245 280 scis
268 256 329 280 me
352 242 519 280 maxime
540 243 638 280 velle
660 255 782 287 cures,
806 249 847 279 ut
867 241 1003 279 scribis
1024 250 1061 279 et
1082 241 1187 279 facis.
1249 243 1317 279 Me
1339 241 1497 280 conficit

171 308 395 345 sollicitudo
424 321 470 345 ex
500 321 577 356 qua
607 307 723 344 etiam
756 320 910 344 summa
937 306 1140 344 infirmitas
1165 307 1348 356 corporis,
1408 308 1499 355 Qua

171 375 295 411 levata
321 386 387 411 ero
417 386 495 409 una
527 385 617 409 cum
649 384 697 409 eo
729 371 796 420 qui
830 371 1032 420 negotium
1066 371 1162 420 gerit
1194 380 1331 420 estque
1361 371 1400 408 in
1431 385 1499 421 spe

171 452 322 487 magna.
383 440 525 475 Brutus
545 437 695 474 amicus
714 451 721 481 ;
751 437 791 474 in
813 450 929 474 causa
950 444 1123 474 versatur
1142 436 1290 474 acriter.

226 506 431 541 Hactenus
453 502 524 539 fuit
545 503 654 551 quod
670 509 783 539 caute
804 515 826 538 a
848 515 909 539 me
930 501 1045 538 scribi
1066 509 1209 551 posset.
1269 502 1376 538 Vale.
1439 503 1500 538 De
1521 515 1536 545 5

170 568 360 618 pensione
381 569 511 613 altera,
535 580 604 603 oro
626 575 674 612 te,
690 566 797 602 omni
819 579 910 603 cura
932 565 1137 603 considera
1158 565 1254 615 quid
1275 565 1498 603 faciendum

170 634 229 680 sit,
246 641 286 671 ut
308 632 441 682 scripsi
463 632 508 669 iis
530 631 665 670 litteris
686 644 783 681 quas
806 632 939 668 Pollex
960 631 1056 668 tulit.

213 772 254 808 V
468 774 534 806 Scr.
554 774 775 814 Ernndt'st'pr.
796 774 884 805 Non.
906 773 988 805 Nov.
1011 784 1041 804 α.
1062 774 1122 813 706
1142 773 1228 814 (48).

592 860 767 891 CICERO
791 860 963 890 ATTICO
989 860 1085 890 SAL.

135 951 153 978 1
227 941 339 988 Quae
367 953 430 978 me
457 953 598 977 causae
629 938 832 984 moverint,
856 952 974 987 quam
999 938 1174 984 acerbae,
1205 950 1323 987 quam
1353 950 1497 986 graves,
1524 953 1563 975 10

171 1018 289 1054 quam
312 1018 447 1050 novae,
471 1004 750 1054 coegerintque
771 1003 920 1052 impetu
946 1003 1067 1052 magis
1095 1004 1270 1052 quodam
1300 1003 1420 1040 animi
1446 1003 1501 1040 uti

172 1083 290 1118 quam
321 1069 569 1119 cogitatione,
603 1082 681 1106 non
713 1082 874 1117 possum
905 1069 955 1106 ad
987 1076 1024 1105 te
1051 1067 1134 1105 sine
1166 1067 1336 1104 maximo
1366 1069 1502 1105 dolore

172 1134 349 1172 scribere.
412 1135 584 1171 Fuerunt
609 1133 771 1182 quidem
798 1140 930 1170 tantae
960 1140 1001 1169 ut
1032 1132 1071 1169 id
1102 1133 1210 1181 quod
1238 1131 1347 1170 vides
1368 1133 1503 1170 effece-

172 1198 256 1236 rint.
318 1200 456 1247 Itaque
488 1212 560 1236 nec
587 1198 683 1247 quid
718 1198 768 1235 ad
803 1206 841 1234 te
876 1196 1043 1235 scribam
1077 1198 1126 1235 de
1157 1196 1253 1234 meis
1284 1197 1399 1234 rebus
1430 1210 1503 1234 nec

171 1264 267 1313 quid
288 1277 310 1301 a
331 1272 368 1301 te
389 1272 519 1312 petam
543 1263 692 1313 reperio
710 1278 718 1309 ;
748 1276 829 1301 rem
851 1270 888 1300 et
910 1276 1104 1300 summam
1128 1262 1259 1312 negoti
1280 1262 1400 1300 vides.
1526 1283 1563 1313 15

227 1328 423 1378 Equidem
446 1343 491 1366 ex
519 1328 594 1366 tuis
625 1328 759 1366 litteris
787 1328 958 1366 intellexi
988 1335 1026 1366 et
1057 1327 1101 1365 iis
1123 1341 1220 1377 quas
1241 1328 1504 1366 communiter

172 1407 261 1431 cum
283 1394 367 1431 aliis
389 1393 573 1443 scripsisti
596 1401 633 1431 et
654 1393 699 1430 iis
728 1407 824 1443 quas
855 1401 924 1430 tuo
950 1392 1122 1438 nomine,
1147 1393 1255 1441 quod
1277 1392 1394 1430 etiam
1417 1406 1504 1430 mea

172 1467 312 1508 sponte
334 1459 529 1505 videbam,
547 1466 584 1496 te
602 1458 730 1496 subita
747 1472 785 1496 re
803 1458 912 1507 quasi
930 1457 1178 1495 debilitatum
1197 1471 1318 1495 novas
1335 1458 1504 1496 rationes

129 1524 307 1561 2tuendi
344 1524 419 1561 mei
459 1537 654 1572 quaerere.
734 1524 855 1572 Quod
895 1522 1030 1560 scribis
1071 1525 1224 1572 placere
1264 1532 1305 1561 ut
1345 1524 1503 1574 propius

172 1590 358 1626 accedam
387 1588 537 1637 iterque
568 1602 635 1637 per
659 1587 806 1637 oppida
835 1596 954 1626 noctu
981 1589 1133 1635 faciam,
1157 1603 1237 1627 non
1265 1604 1359 1627 sane
1389 1590 1504 1628 video
1527 1607 1565 1627 20

173 1667 291 1703 quem
325 1655 375 1691 ad
416 1655 579 1691 modum
615 1653 655 1691 id
687 1653 768 1691 fieri
802 1654 933 1703 possit.
1016 1657 1156 1705 Neque
1189 1655 1293 1693 enim
1330 1656 1381 1693 ita
1415 1664 1505 1705 apta

173 1719 302 1756 habeo
327 1719 547 1757 deversoria
572 1726 613 1756 ut
634 1726 716 1757 tota
737 1727 915 1769 tempora
936 1721 1075 1760 diurna
1103 1721 1141 1758 in
1163 1721 1208 1759 iis
1239 1721 1386 1771 possim
1416 1734 1506 1758 con-

175 1797 338 1829 sumere,
371 1797 500 1833 neque
529 1785 579 1822 ad
610 1784 650 1822 id
681 1787 788 1835 quod
818 1787 973 1836 quaeris
1001 1788 1169 1824 multum
1194 1787 1353 1825 interest
1375 1794 1505 1824 utrum

176 1863 238 1886 me
259 1849 439 1887 homines
467 1849 506 1886 in
531 1849 681 1899 oppido
712 1851 871 1890 videant
896 1865 945 1889 an
974 1851 1012 1888 in
1041 1851 1111 1889 via.
1173 1852 1251 1890 Sed
1272 1859 1403 1889 tamen
1430 1852 1505 1889 hoc

176 1914 302 1963 ipsum
343 1914 441 1952 sicut
476 1914 550 1952 alia
589 1916 851 1955 considerabo
885 1931 1004 1967 quem
1043 1917 1094 1954 ad
1135 1918 1297 1955 modum
1333 1929 1506 1954 commo·
1529 1932 1564 1962 25

176 1979 335 2017 dissime
353 1979 431 2017 fieri
455 1994 570 2029 posse
592 1981 779 2020 videatur.

132 2052 156 2089 3
232 2046 316 2094 Ego
337 2054 494 2094 propter
516 2046 786 2085 incredibilem
819 2055 855 2086 et
883 2046 1003 2085 animi
1032 2055 1069 2085 et
1091 2046 1264 2096 corporis
1286 2046 1504 2084 molestiam

177 2111 370 2147 conficere
410 2111 529 2160 pluris
569 2112 713 2150 litteras
755 2126 834 2150 non
874 2112 1010 2161 potui:
1053 2112 1097 2149 iis
1138 2119 1289 2149 tantum
1330 2111 1505 2160 rescripsi

177 2189 199 2212 a
229 2175 371 2224 quibus
396 2190 636 2226 acceperam.
697 2179 759 2214 Tu
786 2177 901 2214 velim
933 2185 970 2214 et
1003 2177 1133 2214 Basilo
1163 2184 1200 2214 et
1231 2176 1373 2226 quibus
1401 2189 1506 2225 prae-

228 2291 239 2310 1
267 2286 299 2310 et
319 2280 437 2310 Orelli:
464 2285 498 2311 ut
516 2280 556 2310 M
683 2290 702 2318 3
726 2281 857 2310 levatus
879 2279 923 2308 Il'
1050 2291 1067 2317 4
1089 2283 1164 2319 post
1179 2280 1306 2309 amicus
1323 2278 1440 2310 addere
1455 2284 1506 2309 est

179 2325 248 2354 vult
266 2324 367 2354 Orelli
425 2324 458 2353 in
476 2334 543 2354 om.
561 2323 606 2352 lV
679 2334 690 2352 1
704 2334 713 2352 1
732 2324 876 2362 quodam
889 2323 1091 2353 Ascensius:
1116 2333 1225 2353 coram
1245 2321 1290 2351 W
1299 2322 1387 2353 codd.
1469 2332 1507 2361 13

180 2373 294 2397 tantae
312 2372 346 2398 ut
364 2367 451 2407 vulg.
467 2379 474 2398 ι
498 2371 592 2397 tanta
622 2368 671 2397 vel
685 2372 777 2397 tanta
795 2366 896 2406 (-um)
915 2366 1020 2403 enim)
1037 2366 1098 2396 suit
1115 2365 1160 2394 W
1170 2365 1257 2395 codd.
1333 2366 1507 2396 effecerint

185 2410 347 2441 WORP:
373 2411 559 2440 effecerunt
578 2416 604 2440 Δ
730 2411 766 2439 18
792 2410 901 2440 subita
919 2420 954 2439 re
971 2410 1065 2447 quasi
1087 2407 1179 2439 CIV:
1203 2409 1265 2439 sub
1283 2409 1348 2445 (vel
1362 2410 1450 2445 subi]
1470 2408 1512 2438 M

181 2455 403 2493 idennquqftre
418 2453 517 2483 ORP
584 2464 623 2492 ‘27
644 2453 875 2483 incredibilem
889 2463 952 2482 0112.
974 2451 1019 2480 W
1083 2463 1125 2491 29
1145 2452 1250 2482 basilo
1267 2451 1318 2483 W:
1340 2452 1458 2482 basilio
1471 2451 1511 2481 M
