1742 2651
105 110 175 146 XI.
199 110 308 145 xxiv
581 111 636 148 Μ.
664 111 832 147 TVLLI
864 111 1171 150 CICERONIS

213 221 418 259 ferendum
442 228 509 259 aut
532 221 635 259 adeo
660 234 723 258 me
743 221 784 259 ia
805 220 917 259 malis
937 234 1022 260 esse
1041 223 1274 272 despectum
1295 231 1348 270 ut,
1371 222 1488 261 etiam
1509 222 1540 261 si

212 285 308 336 quid
337 287 468 333 habet,
492 287 531 324 id
561 286 635 324 nisi
664 286 850 324 omnibus
879 286 959 324 suis
988 287 1154 336 negotiis
1182 287 1372 326 confectis
1398 289 1449 326 ad
1478 302 1541 327 me

212 352 350 389 referre
380 365 461 389 non
492 359 610 389 curet.
672 353 730 389 Ex
759 364 840 400 quo
869 365 1056 400 magnum
1083 352 1269 401 equidem
1296 352 1410 402 capio
1433 354 1542 391 dolo—

212 429 293 454 rem
320 417 389 454 sed
417 429 497 453 non
528 423 681 453 tantum
709 423 900 465 quantum
922 415 1058 454 videor
1083 417 1237 455 debere.
1299 417 1409 455 Nihil
1435 417 1541 456 enim

212 494 301 519 mea
327 480 455 518 minus
480 480 668 518 interesse
694 488 792 530 puto
819 494 937 529 quam
965 481 1061 530 quid
1091 481 1197 520 illinc
1226 483 1432 520 adferatur.
1493 483 1541 520 Id
1561 495 1577 527 5

212 559 330 596 quam
352 546 404 584 ob
425 559 506 583 rem
528 553 565 583 te
586 545 810 594 intellegere
831 552 938 583 certo
959 545 1051 583 scio.

168 621 192 659 5
266 612 387 659 Quod
424 624 486 648 me
521 624 660 648 mones
692 611 742 648 de
774 611 881 647 vultu
917 618 955 648 et
989 610 1166 649 oratione
1203 613 1254 650 ad
1293 620 1448 662 tempus
1482 625 1543 650 ac-

211 677 515 723 commodanda,
548 675 619 713 etsi
653 674 811 713 difficile
845 683 912 720 est,
946 683 1078 713 tamen
1108 675 1339 726 imperarem
1372 676 1478 723 mihi,
1510 675 1542 714 si

212 754 298 778 mea
336 740 549 790 quicquam
582 739 768 777 interesse
808 747 997 789 putarem.
1070 741 1191 788 Quod
1230 740 1366 779 scribis
1406 741 1541 780 litteris

210 813 346 856 putare
370 805 600 843 Africanum
632 804 833 854 negotium
863 804 1006 842 confici
1033 818 1159 854 posse,
1186 807 1325 843 vellem
1353 805 1540 843 scriberes
1563 823 1601 845 10

210 885 278 908 cur
298 871 351 908 ita
370 878 552 921 putares3
582 870 677 907 mihi
699 869 859 919 quidem
888 869 984 906 nihil
1006 869 1044 906 in
1073 877 1246 907 mentem
1268 869 1373 907 venit
1401 884 1478 919 qua
1501 884 1541 908 re

210 936 250 974 id
280 944 415 986 putem
446 935 527 973 fieri
557 948 683 985 posse.
743 936 806 972 Tu
837 942 969 972 tamen
991 934 1119 980 velim,
1146 933 1177 971 si
1208 934 1303 984 quid
1333 934 1403 972 erit
1433 935 1541 984 quod

210 1001 491 1039 consolationis
511 1000 660 1050 aliquid
676 1000 831 1045 habeat,
847 999 992 1037 scribas
1008 1000 1058 1037 ad
1076 1013 1139 1036 me
1154 1013 1164 1045 ,-
1190 999 1261 1044 sin,
1278 1006 1319 1036 ut
1335 999 1538 1048 perspicio,

210 1066 305 1104 nibil
341 1066 422 1112 erit,
459 1066 605 1105 scribas
640 1065 680 1103 id
715 1065 854 1115 ipsum.
916 1066 1001 1113 Ego
1027 1065 1077 1101 ad
1109 1070 1156 1110 te,
1189 1063 1220 1101 si
1250 1063 1346 1114 quid
1379 1063 1542 1102 audiero

209 1131 334 1178 citius,
357 1131 537 1170 scribam.
597 1132 706 1169 Vale.
766 1142 839 1167 V111
865 1130 961 1168 Idus
982 1128 1112 1167 Sextil.
1564 1143 1599 1174 15

256 1263 384 1299 XXV
501 1266 569 1298 Ser.
588 1267 752 1298 Brundisi
765 1268 801 1297 iii
815 1267 899 1299 Non.
917 1268 1031 1307 Quint.
1050 1279 1080 1299 a.
1100 1278 1159 1308 707
1175 1270 1208 1310 (4
1216 1270 1258 1310 7).

622 1363 797 1394 CICERO
829 1363 1001 1394 ATTICO
1036 1364 1133 1395 SAL.

176 1464 193 1491 1
266 1451 395 1490 Facile
433 1452 632 1490 adsentior
671 1452 746 1490 tuis
792 1452 927 1491 litteris
972 1453 1117 1503 quibus
1159 1454 1323 1504 exponis
1365 1455 1542 1505 pluribus

209 1517 336 1555 verbis
366 1519 517 1555 nullum
547 1519 742 1555 consssfere
771 1517 979 1556 consilium
1008 1532 1089 1568 quo
1117 1533 1139 1557 a
1167 1527 1204 1557 te
1232 1519 1378 1569 possim
1407 1520 1539 1560 iuvari.

209 1583 440 1621 Consolatio
461 1590 564 1621 certe
585 1585 691 1621 nulla
707 1591 765 1621 est
786 1596 887 1632 quae
907 1585 1034 1622 levare
1056 1585 1179 1634 possit
1199 1586 1376 1624 dolorem
1394 1600 1537 1625 meum.
1561 1602 1600 1622 20

209 1648 317 1686 Nihil
348 1656 406 1687 est
435 1648 541 1687 enim
572 1656 817 1687 contractum
849 1661 941 1686 casu
965 1649 1072 1699 (nam
1105 1649 1144 1687 id
1172 1658 1273 1688 esset
1302 1651 1536 1700 ferendum),

207 1715 276 1752 sed
309 1713 442 1751 onmia
481 1713 644 1752 fecimus
683 1713 728 1751 iis
767 1713 960 1752 erroribus
1000 1722 1038 1752 et
1071 1713 1233 1752 miseriis
1266 1723 1303 1752 et
1341 1715 1461 1752 animi
1500 1724 1538 1754 et

206 1778 379 1828 corporis
399 1778 543 1828 quibus
564 1778 728 1828 proximi
750 1778 900 1816 utinam
922 1779 1070 1818 mederi
1096 1779 1346 1818 maluissent!
1405 1782 1535 1828 Quam

206 1844 258 1881 ob
297 1857 377 1882 rem
416 1843 605 1893 quoniam
644 1857 773 1894 neque
812 1843 950 1882 consili
990 1843 1045 1882 tui
1088 1858 1217 1894 neque
1256 1844 1536 1883 consolationis

205 1908 437 1958 cuiusquam
469 1922 557 1959 spes
590 1910 668 1947 ulla
702 1908 797 1946 mihi
829 1909 1058 1956 ostenditur,
1094 1923 1173 1947 non
1213 1923 1397 1959 quaeram
1437 1911 1534 1948 haec
1556 1924 1593 1954 25

203 1988 226 2012 a
256 1982 293 2012 te
324 1976 487 2024 posthac
503 1989 511 2021 ;
542 1983 694 2013 tantum
722 1975 838 2013 velim
869 1988 918 2013 ne
948 1974 1192 2022 intermittas,
1215 1974 1360 2013 scribas
1389 1976 1440 2013 ad
1471 1989 1533 2014 me

204 2039 393 2089 quicquid
415 2039 543 2078 veniet
565 2040 634 2078 tibi
657 2040 695 2077 in
718 2047 890 2077 mentem
907 2053 997 2077 cum
1019 2039 1183 2078 habebis
1204 2039 1267 2078 cui
1287 2040 1357 2078 des
1377 2047 1415 2077 et
1435 2040 1532 2078 dum

203 2104 274 2143 erit
294 2106 344 2142 ad
366 2119 483 2154 quem
505 2107 599 2152 des3
630 2106 738 2154 quod
760 2106 921 2154 longum
944 2118 1023 2142 non
1045 2105 1127 2143 erit.

251 2219 262 2238 1
289 2214 347 2239 aut
363 2209 448 2239 adeo
468 2219 520 2239 me
539 2209 571 2239 in
591 2208 687 2239 malis
704 2233 710 2239 .
727 2233 733 2239 .
750 2233 757 2240 .
775 2213 811 2238 ut
828 2233 834 2239 .
851 2233 857 2239 .
872 2232 878 2238 .
895 2213 989 2239 curet
1009 2208 1163 2249 Madvig:
1187 2214 1274 2240 uteo
1287 2219 1339 2239 me
1351 2209 1459 2248 magis
1475 2233 1482 2240 .
1500 2234 1527 2242 ..

203 2257 239 2282 ut
257 2277 263 2283 .
280 2277 286 2283 .
304 2277 310 2282 .
328 2258 420 2282 curet
439 2251 497 2282 M:
531 2257 564 2283 et
581 2263 621 2282 eo
640 2263 692 2283 rne
710 2253 816 2291 magis
833 2276 840 2282 .
857 2276 863 2282 .
882 2276 889 2282 .
905 2257 963 2282 aut
981 2276 988 2283 .
1004 2276 1010 2283 .
1025 2277 1032 2283 .
1051 2258 1144 2284 curat
1160 2253 1247 2293 vulg.
1389 2254 1410 2282 6
1435 2258 1529 2283 certo

204 2296 250 2326 Os
265 2308 271 2326 ε
296 2301 386 2326 certe
403 2295 538 2325 RPML
559 2297 700 2336 (marg.)
814 2306 853 2326 10
877 2300 909 2326 te
922 2300 997 2335 post
1013 2301 1131 2334 putare
1149 2296 1266 2327 addere
1282 2296 1352 2326 vult
1369 2296 1530 2327 Graevius

206 2351 244 2377 19
268 2341 452 2370 consistere
469 2339 545 2370 add.
568 2339 767 2370 Lehmann:
792 2350 868 2370 esse
885 2339 959 2370 add.
982 2338 1171 2381 chsenberg
1319 2349 1360 2378 25
1383 2351 1526 2379 usquam

203 2383 243 2413 M
243 2383 287 2413 ad
289 2384 342 2424 vig
