1742 2651
561 147 672 184 EPP.
706 148 782 184 AD
813 147 1073 185 ATTICVM
1416 149 1484 186 IX.
1503 148 1549 184 ix

152 271 311 308 quoque
331 257 505 295 animum
528 259 647 297 laudo
673 259 742 296 sed
769 258 976 296 consilium
1004 260 1276 309 reprebendo3
1305 259 1482 309 dispersu

150 322 256 360 enim
286 322 439 360 illorum
468 322 571 360 actio
600 324 650 361 de
680 337 776 372 pace
803 324 956 361 sublata
985 331 1042 361 est
1072 338 1190 374 quam
1220 324 1380 374 quidem
1411 339 1484 374 ego

151 387 377 426 meditabar.
438 390 577 438 Itaque
615 396 751 438 postea
791 388 966 427 Demetri
1005 388 1146 427 librum
1185 390 1235 427 de
1273 389 1486 428 concordia

149 451 219 489 tibi
239 452 369 491 remisi
390 460 428 491 et
450 452 662 492 Philotimo
683 453 789 492 dedi.
847 455 933 492 Nec
957 467 1048 492 vero
1075 454 1215 493 dubito
1236 454 1332 504 quin
1353 454 1485 493 exitio—

111 528 235 557 5sum
274 518 421 556 bellum
465 518 692 568 impendeat
732 518 842 557 cuius
890 518 1045 556 initium
1092 519 1258 557 ducetur
1299 533 1322 557 a
1367 520 1482 557 fame.

148 583 199 619 Et
231 595 294 621 me
332 590 463 621 tamen
502 585 620 622 doleo
658 597 738 622 non
778 583 963 622 interesse
998 583 1089 621 huic
1128 584 1256 622 bello!
1315 585 1361 622 In
1401 598 1481 633 quo

146 654 254 685 tanta
291 647 348 685 vis
387 648 541 686 sceleris
580 650 707 686 futura
745 656 803 686 est
842 656 893 694 ut,
928 662 1018 686 cum
1058 648 1229 698 parentis
1263 662 1343 686 non
1378 650 1480 687 alere

145 711 334 750 nefarium
375 712 432 760 sit,
469 712 589 751 nostri
628 712 823 763 principes
861 712 1173 762 antiquissimam
1213 721 1251 751 et
1289 713 1481 751 sanctissi-

146 790 250 814 mam
289 786 502 827 parentem,
534 778 708 828 patriam,
743 780 845 817 fame
884 780 1103 817 necandam
1139 786 1288 829 putent.
1348 781 1480 828 Atque

86 855 126 877 10
146 842 221 879 hoc
251 855 331 880 non
361 842 548 892 opinione
583 843 702 881 timeo
735 844 803 881 sed
834 843 989 882 interfui
1019 843 1279 882 sermonibus.
1338 843 1480 882 Omnis

144 906 240 944 haec
279 907 411 944 classis
459 909 717 953 Alexandrea,
759 907 931 954 Colchis,
971 910 1087 957 Tyro,
1132 908 1290 954 Sidone,
1332 910 1479 956 Arado,

142 972 283 1021 Cypro,
318 972 561 1022 Pamphylia,
592 972 721 1022 Lycia,
756 974 914 1020 Rhodo,
947 973 1060 1019 Chio,
1096 973 1294 1022 Byzantio,
1333 974 1476 1021 Lesbo,

140 1037 317 1086 Zmyrna,
342 1036 495 1084 Mileto,
518 1038 604 1076 Coo
633 1038 684 1075 ad
713 1037 1034 1076 intercludendos
1065 1045 1310 1076 commeatus
1342 1038 1478 1077 Italiae

140 1109 177 1139 et
201 1103 252 1140 ad
279 1103 531 1152 occupandas
558 1102 828 1140 frumentarias
859 1102 1078 1152 provincias
1107 1110 1365 1152 comparatur.
1424 1105 1477 1142 At

83 1181 118 1211 15
141 1179 259 1216 quam
280 1167 409 1206 veniet
431 1167 572 1205 iratus!
602 1174 639 1206 et
666 1167 711 1205 iis
732 1166 893 1217 quidem
917 1167 1083 1206 maxime
1105 1167 1171 1217 qui
1192 1181 1282 1206 eum
1310 1168 1477 1207 maxime

138 1233 288 1270 salvum
309 1233 506 1279 volebant,
529 1232 639 1282 quasi
660 1232 815 1271 relictus
842 1233 892 1270 ab
920 1232 964 1270 iis
989 1246 1088 1282 quos
1109 1232 1274 1282 reliquit.
1336 1235 1476 1283 Itaque

139 1299 233 1337 mihi
263 1299 460 1338 dubitanti
491 1299 586 1350 quid
617 1312 680 1337 me
707 1300 833 1336 facere
861 1312 928 1348 par
955 1297 1015 1341 sit,
1037 1311 1291 1348 permagnum
1318 1300 1474 1348 pondus

135 1365 260 1403 adfert
291 1365 567 1404 benevolentia
597 1378 686 1415 erga
715 1363 853 1411 illum3
882 1376 959 1413 qua
988 1364 1150 1413 dempta
1179 1363 1303 1413 perire
1334 1364 1474 1402 melius

137 1437 238 1468 esset
259 1429 297 1467 in
319 1430 442 1480 patria
463 1444 580 1481 quam
601 1429 765 1481 patriam
787 1429 980 1467 servando
1001 1436 1184 1467 evertere.
1227 1430 1287 1466 De
1308 1436 1475 1478 septem-

80 1507 118 1529 20
137 1494 262 1533 trione
282 1497 397 1545 plane
425 1496 478 1534 ita
506 1504 574 1534 est.
635 1498 776 1534 Metuo
803 1509 852 1533 ne
879 1502 1037 1532 vexetur
1069 1494 1235 1544 Epirus3
1264 1495 1333 1532 sed
1355 1508 1471 1544 quem

136 1566 177 1596 tu
198 1560 328 1598 locum
352 1560 539 1599 Graeciae
560 1574 640 1599 non
661 1560 856 1610 direptum
879 1558 921 1596 iri
943 1560 1086 1608 putas?
1144 1559 1346 1597 Praedicat
1367 1559 1471 1597 enim

133 1626 261 1673 palam
297 1633 334 1664 et
374 1625 562 1664 militibus
597 1625 768 1664 ostendit
804 1639 844 1663 se
876 1624 1079 1674 largitione
1114 1624 1197 1674 ipsa
1231 1625 1471 1674 superiorem

132 1702 249 1738 quam
280 1691 386 1728 hunc
416 1692 510 1729 fore.
570 1692 673 1729 Illud
704 1705 766 1729 me
796 1691 992 1740 praeclare
1016 1691 1220 1736 admones,
1243 1703 1333 1728 cum
1360 1690 1470 1728 illum

131 1753 277 1802 videro,
311 1769 360 1793 ne
396 1755 510 1793 nimis
550 1755 798 1805 indulgenter
839 1763 877 1793 et
916 1763 957 1792 ut
997 1768 1087 1792 curn
1121 1754 1308 1804 gravitate
1339 1755 1469 1805 potius

74 1833 109 1865 25
132 1819 278 1869 loquar.
339 1822 459 1859 Plane
494 1820 549 1859 sic
587 1821 823 1859 faciendum.
882 1820 1093 1870 Arpinum,
1125 1834 1214 1858 011111
1254 1834 1344 1859 eum
1380 1834 1470 1859 con-

130 1897 284 1932 venero,
308 1885 450 1935 cogito,
473 1900 522 1924 ne
556 1887 654 1924 forte
682 1893 749 1924 aut
778 1885 902 1924 absim
936 1899 1026 1923 011111
1057 1884 1187 1924 veniet
1217 1892 1285 1923 aut
1316 1899 1468 1924 cursern

128 1950 204 1988 huc
231 1949 324 1989 illuc
344 1950 406 1989 via
432 1950 649 1989 deterrima.
712 1950 912 1997 Bibulum,
934 1959 975 1988 ut
1003 1949 1152 1997 scribis,
1172 1950 1291 1989 audio
1316 1950 1469 1989 venisse

126 2022 164 2052 et
183 2015 330 2054 redisse
350 2015 474 2065 pridie
497 2017 603 2054 Idus.

181 2079 449 2127 Philotimum,
473 2087 515 2118 ut
534 2080 590 2118 ais
617 2080 656 2118 in
677 2079 844 2129 epistula
864 2080 986 2127 tertia,
1009 2081 1274 2130 exspectabas.
1325 2082 1377 2118 At
1398 2080 1462 2119 ille
1481 2091 1505 2128 3

66 2158 108 2188 30
129 2144 267 2182 Idibus
293 2158 316 2183 a
345 2158 409 2183 me
438 2146 635 2195 profectus
665 2152 735 2183 est.
794 2146 854 2183 Eo
884 2144 1005 2183 serius
1034 2146 1085 2183 ad
1113 2152 1221 2183 tuam
1246 2145 1351 2183 illam
1385 2146 1463 2196 epi-

126 2210 267 2247 stulam
298 2209 391 2259 quoi
427 2223 499 2259 ego
538 2209 667 2247 statim
702 2209 974 2259 rescripseram
1010 2209 1187 2248 redditae
1225 2218 1316 2248 sunt
1351 2224 1463 2248 meae

125 2273 283 2312 litterae.
344 2276 406 2312 De
443 2274 630 2320 Domitio,
655 2282 696 2312 ut
728 2274 874 2321 scribis,
907 2274 960 2312 ita
991 2274 1131 2324 opinor
1162 2288 1247 2313 esse
1279 2282 1320 2313 ut
1352 2283 1389 2313 et
1424 2275 1462 2313 in

170 2388 183 2408 1
210 2380 426 2418 dispersione
454 2379 521 2410 FI:
555 2379 707 2410 discessu
734 2378 855 2410 Mam:
891 2379 1047 2417 digressu
1080 2379 1269 2418 Wesenhmg
1421 2390 1460 2419 27

123 2423 295 2453 teterrima
312 2433 341 2454 v.
358 2434 380 2453 c.
407 2421 598 2463 Wesenberg
719 2433 761 2461 29
785 2423 834 2453 ais
852 2423 885 2452 in
909 2423 1120 2463 ll'eseuberg:
1143 2423 1218 2453 aliis
1235 2422 1312 2454 Ml:
1339 2423 1389 2453 ais
1408 2423 1462 2453 M*
