1742 2651
122 122 168 158 X.
192 120 236 156 ix
581 113 636 149 M.
668 110 835 148 TVLLI
867 103 1173 147 CICERONIS

203 227 311 267 tandi
333 227 429 264 ratio
450 237 539 263 cum
561 220 727 261 difficilis
749 228 832 257 tum
853 217 970 256 etiam
992 216 1210 266 periculosa
1231 222 1297 252 cst.
1359 209 1534 252 Servium

204 300 387 343 exspecto
413 291 463 328 ad
488 291 640 333 Nonas,
660 293 698 324 et
725 283 845 333 adigit
874 282 927 320 ita
952 280 1154 320 Postumia
1180 288 1218 318 et
1243 278 1397 317 Servius
1422 277 1533 315 filius.

205 359 448 407 Quartanam
477 353 662 392 leviorem
693 363 777 388 esse
803 348 967 398 gaudeo.
1029 345 1123 384 Misi
1149 346 1199 383 ad
1224 352 1262 382 te
1283 342 1393 384 Caeli
1419 341 1536 380 etiam

205 421 418 462 litterarum
439 419 673 467 exemplum.

605 583 699 619 A:
721 581 771 618 ad
801 580 891 617 fam.
923 577 1042 615 VIII.
1080 577 1137 613 16.
1561 587 1580 619 5

532 687 601 718 Ser.
621 684 765 715 Intimili
776 695 819 714 xv
837 682 879 714 K.
900 681 979 712 Mai.
1000 692 1030 711 a.
1055 690 1108 719 705
1128 686 1214 719 4491.

590 772 788 805 CAELIVS
813 768 1040 801 CICERONI
1067 767 1163 799 SAL.

175 870 193 898 Ι
268 856 522 896 Exanimatus
543 852 618 891 tuis
639 850 784 896 litteris,
807 848 950 898 quibus
971 855 1009 885 te
1030 845 1126 883 nihil
1154 844 1227 882 nisi
1249 843 1354 882 triste
1375 842 1544 893 cogitare

212 920 417 961 ostendisti
438 932 567 968 neque
587 917 627 955 id
648 915 744 965 quid
764 920 866 952 esset
886 909 1141 962 perscripsisti
1162 923 1290 958 neque
1311 922 1391 946 non
1412 915 1544 946 tamen

212 989 327 1038 quale
348 993 449 1025 esset
473 983 582 1034 quod
605 980 794 1030 cogitares
823 975 1017 1028 aperuisti,
1042 977 1111 1012 has
1137 976 1189 1013 ad
1218 981 1255 1012 te
1282 973 1372 1011 ilico
1400 972 1545 1010 litteras
1570 990 1608 1011 ιο

213 1051 357 1102 scripsi.
419 1052 491 1087 Per
524 1049 698 1085 fortunas
737 1051 833 1089 tuas,
868 1041 1018 1087 Cicero,
1053 1054 1120 1090 per
1158 1039 1302 1076 liberos
1335 1046 1373 1076 te
1407 1052 1475 1076 oro
1509 1045 1547 1076 et

213 1119 378 1156 obsecro
403 1128 452 1153 ne
473 1113 568 1163 quid
591 1110 743 1161 gravius
771 1110 821 1147 de
848 1109 971 1145 salute
997 1113 1035 1144 et
1062 1103 1332 1143 incolumitate
1362 1111 1428 1141 tua
1457 1117 1548 1141 con-

213 1184 326 1221 sulas.
386 1182 490 1218 Nam
517 1179 614 1216 deos
641 1174 902 1223 hominesque
928 1170 1220 1219 amicitiamque
1248 1176 1420 1207 nostram
1447 1168 1549 1207 testi-

214 1250 308 1286 ficor
332 1259 395 1284 me
422 1243 491 1282 tibi
519 1240 755 1292 praedixisse
780 1251 909 1287 neque
936 1244 1082 1274 temere
1112 1235 1311 1273 monuisse
1341 1236 1422 1281 sed,
1447 1243 1549 1285 post-

214 1326 333 1364 quam
377 1312 586 1350 Caesarem
634 1303 886 1344 convenerim
934 1301 1249 1351 sententiamque
1297 1301 1380 1340 eius
1425 1301 1550 1351 qualis
1577 1312 1611 1344 15

215 1381 343 1416 futura
373 1382 473 1414 esset
508 1380 617 1423 parta
646 1369 808 1409 victoria
841 1368 1054 1418 cognorim,
1091 1375 1128 1405 te
1160 1367 1364 1406 certiorem
1401 1367 1548 1406 fecisse.

216 1443 255 1482 Si
283 1441 479 1481 existimas
508 1439 676 1477 eandem
707 1436 898 1474 rationem
925 1437 1006 1473 fore
1032 1434 1209 1474 Caesaris
1236 1434 1275 1472 in
1307 1434 1552 1473 dimittendis

216 1506 445 1547 adversariis
472 1512 509 1543 et
536 1502 839 1542 condicionibus
866 1502 1046 1549 ferendis,
1069 1516 1196 1549 erras;
1231 1501 1327 1539 nihil
1350 1501 1422 1539 nisi
1444 1509 1554 1540 atrox

219 1581 256 1612 et
277 1585 436 1611 saevum
457 1570 602 1621 cogitat
621 1578 740 1620 atque
761 1569 878 1607 etiam
905 1569 1077 1619 loquitur
1097 1584 1103 1614 3
1137 1569 1255 1607 iratus
1277 1568 1429 1606 senatui
1451 1567 1554 1613 exiit,

221 1638 280 1676 his
297 1636 642 1676 intercessionibus
663 1637 778 1686 plane
799 1635 981 1673 incitatus
1003 1643 1084 1682 est3
1109 1648 1190 1672 non
1212 1649 1274 1672 me
1294 1635 1471 1672 hercules
1485 1632 1555 1671 erit
1580 1639 1617 1659 20

179 1716 204 1743 2
223 1701 489 1753 deprecationi
528 1703 648 1740 locus.
713 1702 804 1749 Qua
832 1714 871 1738 re
901 1700 932 1738 si
962 1699 1031 1738 tibi
1062 1707 1114 1746 tu,
1147 1699 1178 1737 si
1208 1699 1309 1737 filius
1343 1698 1493 1744 unicus,
1526 1697 1557 1734 si

223 1770 377 1814 domus,
411 1767 443 1805 si
481 1780 569 1817 spes
608 1774 697 1805 tuae
731 1766 902 1816 reliquae
941 1765 1011 1803 tibi
1046 1779 1157 1803 carae
1197 1772 1296 1810 sunt,
1339 1763 1369 1802 si
1408 1763 1557 1813 aliquid

222 1835 329 1884 apud
361 1841 398 1871 te
430 1846 512 1879 nos,
545 1831 576 1870 si
606 1832 661 1869 vir
694 1832 866 1882 optimus
900 1844 1018 1881 gener
1052 1838 1142 1868 tuus
1173 1831 1358 1876 valemus,
1391 1843 1557 1879 quorum

224 1900 420 1937 fortunam
459 1911 539 1935 non
574 1898 696 1936 debes
725 1898 825 1935 velle
860 1896 1103 1941 conturbare,
1138 1902 1179 1933 ut
1209 1908 1295 1933 eam
1330 1908 1487 1932 causam
1518 1893 1557 1931 in

226 1963 367 2014 quoius
394 1963 555 2001 victoria
581 1965 683 2001 salus
714 1970 845 2000 nostra
870 1968 927 2000 est
949 1960 1080 1999 odisse
1110 1968 1177 1998 aut
1201 1959 1418 2009 relinquere
1449 1972 1559 2008 coga-
1582 1960 1621 1992 ²5

227 2042 314 2067 mur
347 2036 412 2066 aut
446 2028 608 2079 impiam
639 2027 896 2077 cupiditatem
931 2033 1066 2064 contra
1105 2026 1269 2063 salutem
1304 2032 1410 2061 tuam
1445 2024 1562 2061 habe—

229 2093 569 2143 amus—denique
607 2094 704 2131 illud
740 2091 877 2142 cogita,
915 2091 1023 2140 quod
1062 2092 1234 2129 offensae
1272 2088 1385 2127 fuerit
1418 2088 1458 2125 in
1490 2088 1564 2126 ista

278 2210 297 2240 5
321 2199 420 2230 huius
439 2199 593 2239 epistulae
611 2198 752 2228 alterum
772 2194 959 2225 exenwhnn
979 2197 1084 2223 arsia!
1103 2194 1136 2223 in
1149 2193 1244 2223 Fam.
1263 2192 1330 2222 viii.
1355 2192 1394 2221 16
1412 2191 1480 2229 (f=
1494 2190 1559 2222 cod.

236 2243 395 2274 zWediceus
411 2253 462 2282 49.
476 2244 513 2281 9)
602 2242 621 2271 8
646 2240 728 2270 nihil
747 2238 894 2278 nisifP:
919 2237 1001 2267 nihil
1020 2236 1069 2267 M‘
1086 2250 1093 2268 ε
1119 2235 1272 2266 nonnihil
1290 2234 1344 2264 M²
1436 2244 1469 2264 11
1491 2239 1523 2264 te
1537 2238 1567 2264 ct

236 2293 269 2318 et
285 2298 348 2318 om.
361 2287 390 2326 f
490 2297 525 2323 14
552 2283 744 2323 praedixif
839 2293 881 2312 20
905 2281 1115 2311 mehercules
1132 2279 1258 2310 RPM:
1282 2278 1476 2309 mehercule
1496 2277 1543 2308 Os
1558 2289 1565 2308 :

236 2330 340 2369 mnf
434 2339 474 2367 23
499 2329 627 2367 valetf
722 2337 763 2366 24
787 2329 863 2356 ante
879 2330 914 2355 ut
931 2324 1007 2355 add.
1026 2324 1092 2354 noli
1109 2323 1319 2354 committere
1337 2322 1567 2361 interpungens

236 2375 283 2405 ad
299 2375 481 2405 habeamus
495 2373 529 2414 (l.
545 2372 601 2412 27)
619 2371 796 2402 Lehmann
813 2369 891 2399 olim
904 2379 917 2407 ,·
936 2372 1046 2408 postea
1062 2368 1096 2397 in
1113 2366 1246 2397 editione
1261 2366 1344 2395 m'lu'l
1357 2364 1482 2395 addidit
