1742 2651
138 504 155 534 5

118 827 157 851 10

118 1624 157 1645 20

594 123 705 159 EPP.
738 123 815 159 AD
845 121 1102 160 ATTICVM
1445 119 1514 156 IX.
1539 116 1616 153 xiv

176 247 324 284 poenas
355 233 535 284 persequi
565 233 823 282 omniumque
845 246 979 271 eorum
1008 232 1047 269 in
1075 245 1174 281 quos
1202 232 1309 269 Sulla
1335 229 1503 268 crudelis

176 299 252 336 hoc
285 297 393 336 socio
429 298 590 346 fuisset3
631 298 727 335 nihil
759 297 972 337 Curionem
1012 310 1052 334 se
1091 297 1192 334 duce
1231 297 1356 333 facere
1395 295 1503 344 quod

176 376 258 401 non
280 363 343 400 hic
365 364 471 401 Sulla
493 364 594 401 duce
614 363 793 409 fecisset,
823 363 896 401 iad
917 361 1212 407 ambitioneml,
1231 360 1374 410 quibus
1395 358 1503 397 exsili

175 440 305 477 poena
327 427 591 477 superioribus
613 427 762 477 legibus
783 441 864 465 non
884 427 1029 473 fuisset,
1052 427 1103 464 ab
1124 425 1190 463 illo
1211 424 1356 475 patriae
1377 423 1504 474 prodi-

176 500 278 529 tores
310 493 360 530 de
392 492 527 530 exsilio
558 493 741 530 reductos
773 505 882 538 esse,
922 491 1031 540 queri
1063 492 1113 528 de
1147 490 1298 527 Milone
1327 502 1395 539 per
1424 488 1502 526 vim

175 558 363 606 expulso,
406 557 606 595 neminem
654 565 786 595 tamen
826 570 866 595 se
904 556 1137 594 violaturum
1178 555 1253 593 nisi
1291 554 1358 604 qui
1396 567 1503 592 arma

176 630 321 659 contra.
383 624 496 660 Haec
518 622 687 661 Baebius
709 622 869 672 quidam
890 635 912 659 a
934 621 1106 660 Curione
1135 633 1180 658 111
1211 621 1270 658 Id.
1293 621 1500 670 profectus,

176 687 297 724 homo
328 700 408 725 non
435 687 562 725 infans
593 689 662 725 sed
684 687 795 736 †quis
822 687 915 727 ulli†
939 700 1019 724 non
1046 686 1162 724 dicat.
1223 687 1343 723 Plane
1370 685 1504 722 nescio

177 751 273 800 quid
294 765 417 801 agam.
462 751 564 789 Illim
586 751 771 801 equidem
793 752 973 790 Gnaeum
996 753 1215 801 profectum
1237 758 1343 800 puto.
1386 749 1505 797 Quic-

177 816 274 865 quid
305 825 363 854 est
395 817 518 855 biduo
552 817 731 855 sciemus.
791 819 827 854 A
859 825 896 855 te
928 816 1023 854 nihil
1057 830 1105 854 ne
1137 818 1306 854 Anteros
1341 814 1503 864 quidem

176 881 388 920 litterarum
405 897 414 929 3
443 896 516 920 nec
547 882 697 920 mirum.
758 882 867 930 Quid
896 882 1001 920 enim
1031 890 1088 919 est
1118 882 1226 931 quod
1256 880 1504 918 scribamus?

178 947 262 996 Ego
283 954 414 985 tamen
436 948 586 985 nullum
608 947 713 985 diem
734 946 1011 997 praetermitto.

231 1011 382 1061 Scripta
412 1012 578 1061 epistula
604 1011 753 1050 litterae
783 1011 879 1049 mihi
905 1019 996 1049 ante
1016 1013 1144 1049 lucem
1165 1024 1188 1048 a
1208 1012 1334 1060 Lepta
1364 1010 1501 1059 Capua
1521 1015 1544 1052 3

178 1076 353 1114 redditae
383 1084 473 1114 sunt
505 1077 606 1115 Idib.
632 1078 746 1114 Mart.
772 1076 1005 1126 Pompeium
1030 1090 1052 1114 a
1078 1075 1289 1113 Brundisio
1316 1087 1503 1113 conscen-

138 1154 154 1184 5
177 1141 291 1188 disse,
315 1150 353 1180 at
375 1143 583 1180 Caesarem
604 1155 637 1180 a.
660 1143 696 1180 d.
722 1154 778 1179 vll
802 1143 889 1179 Kal.
914 1141 1057 1192 Aprilis
1079 1142 1240 1191 Capuae
1261 1142 1351 1178 fore.

220 1305 303 1339 XV
457 1308 527 1340 Ser.
547 1309 580 1339 in
598 1308 775 1339 Formiano
792 1309 850 1339 viii
862 1308 904 1339 K.
924 1308 1008 1348 Apr.
1029 1319 1060 1340 α,
1079 1318 1134 1348 705
1149 1309 1234 1349 (49).

585 1396 759 1427 CJCERO
781 1395 962 1427 ATTICO
985 1396 1092 1428 SAL.

231 1476 332 1515 Cum
364 1476 562 1514 dedissem
589 1477 639 1514 ad
667 1484 705 1514 te
732 1476 876 1514 litteras
898 1484 939 1514 ut
960 1475 1076 1514 scires
1102 1476 1310 1515 Caesarem
1342 1477 1503 1526 Capuae
1523 1487 1539 1513 1

177 1552 232 1578 v11
267 1542 355 1578 Kal.
380 1542 471 1587 fore,
494 1542 647 1579 adlatae
668 1541 763 1579 mihi
786 1542 922 1591 Capua
944 1549 1033 1578 sunt
1060 1546 1123 1579 †et
1148 1542 1223 1579 hoc
1252 1541 1347 1578 mihi
1374 1546 1436 1581 et†
1465 1542 1503 1579 in

176 1606 335 1644 Albano
364 1607 470 1655 apud
501 1606 715 1645 Curionem
745 1618 768 1642 v
799 1608 847 1643 K.
871 1607 962 1644 fore.
1024 1607 1126 1643 Eum
1157 1619 1247 1643 cum
1269 1605 1417 1653 videro,
1437 1609 1506 1644 Ar-

176 1670 313 1721 pinum
347 1684 515 1720 pergam.
576 1671 614 1709 Si
646 1670 742 1708 mihi
774 1671 928 1709 veniam
963 1684 1082 1720 quam
1112 1678 1205 1720 peto
1235 1671 1397 1717 dederit,
1422 1679 1506 1709 utar

176 1735 277 1774 illius
308 1735 569 1783 condicione3
599 1735 629 1773 si
661 1735 801 1782 minus,
834 1735 1054 1785 impetrabo
1083 1735 1232 1785 aliquid
1261 1749 1283 1773 a
1314 1749 1376 1774 me
1405 1736 1502 1785 ipso.

178 1801 261 1847 Ille,
294 1809 336 1838 ut
364 1802 415 1838 ad
447 1814 510 1838 me
545 1800 706 1850 scripsit,
740 1800 912 1850 legiones
945 1800 1115 1850 singulas
1145 1800 1275 1850 posuit
1307 1802 1502 1848 Brundisi,

177 1865 349 1912 Tarenti,
373 1865 536 1915 Siponti.
596 1866 790 1904 Claudere
824 1865 919 1903 mihi
952 1865 1105 1904 videtur
1136 1865 1351 1904 maritimos
1381 1867 1504 1905 exitus

178 1938 216 1969 et
244 1938 376 1969 tamen
406 1930 490 1980 ipse
520 1930 725 1968 Graeciam
756 1939 931 1980 spectare
962 1930 1092 1980 potius
1126 1944 1244 1980 quam
1278 1931 1502 1981 Hispanias.

219 2044 240 2073 3
264 2033 411 2070 fecisset,
429 2045 447 2064 a
472 2044 508 2064 se
533 2033 602 2064 dari
629 2033 827 2064 reditionem
847 2033 1008 2074 Madvig:
1041 2034 1201 2065 fecisset:
1234 2045 1270 2065 se
1294 2037 1421 2066 accisse
1442 2038 1507 2077 (vel

175 2077 301 2115 accire)
319 2078 359 2108 ad
377 2078 591 2108 ambitionem
610 2077 783 2108 Schmidt:
806 2077 888 2116 som.
908 2078 1063 2113 secnsset;
1093 2088 1130 2108 se
1149 2079 1278 2109 ambire
1302 2080 1503 2111 reditionem

175 2121 196 2150 8
219 2122 293 2160 quis
311 2121 368 2151 ulli
385 2121 441 2153 M:
474 2121 549 2159 quis
567 2120 613 2150 illi
632 2120 682 2151 Z:
716 2122 772 2160 qui
792 2122 873 2151 nulli
894 2120 926 2152 C.
947 2121 982 2151 F.
1004 2121 1182 2152 Hermann
1200 2133 1206 2152 :
1230 2123 1287 2161 qui
1304 2123 1346 2153 de
1363 2133 1422 2154 suo
1447 2125 1502 2155 illa

181 2164 301 2204 IJyrrell
459 2175 497 2194 10
521 2164 668 2194 Anteros
684 2163 806 2194 Rosius
821 2176 827 2194 :
854 2169 932 2194 ante
952 2165 1025 2203 pios
1042 2164 1100 2195 M:
1126 2173 1205 2196 ante
1222 2167 1295 2197 dies
1313 2166 1502 2208 Malaspzbza

174 2209 309 2247 quidem
338 2206 468 2237 Baiter:
508 2208 643 2246 quidem
678 2208 759 2246 quin
800 2213 832 2238 te
866 2207 926 2238 M:
965 2209 1100 2246 quidem
1131 2210 1281 2249 quinque
1310 2210 1503 2250 Malaspina

178 2260 215 2289 15
239 2256 272 2282 at
288 2251 380 2282 M-'lz
409 2252 448 2281 ad
467 2251 541 2281 M¹z
569 2261 607 2281 ac
624 2250 725 2282 Rom.
883 2261 921 2290 19
945 2257 1024 2281 sunt
1050 2257 1105 2290 (sc.
1128 2253 1260 2291 litterae)
1287 2264 1362 2284 eum
1387 2254 1441 2284 hic
1466 2265 1501 2285 vr

176 2294 250 2325 Kal.
276 2299 310 2324 et
335 2295 368 2324 in
392 2293 564 2324 Schmidt:
595 2299 673 2324 sunt
696 2294 828 2324 litterae
856 2305 931 2324 eum
959 2295 992 2324 in
1013 2295 1034 2324 I
1053 2296 1254 2327 Ascensius:
1289 2303 1366 2328 sunt
1391 2303 1424 2327 et
1449 2299 1502 2328 hic

174 2339 302 2376 copiam
320 2338 399 2367 mihi
417 2343 451 2368 et
469 2338 501 2367 in
521 2337 661 2378 Madmjg
795 2347 836 2376 23
855 2341 929 2377 post
944 2339 1081 2378 scripsit
1097 2338 1233 2370 addend.
1253 2340 1292 2379 Q.
1315 2340 1439 2371 Pedius
1456 2342 1505 2371 vel

176 2381 279 2420 Lepta
293 2384 389 2421 putat
405 2380 522 2411 Zielzen
