1742 2651
605 131 717 168 EPP.
752 131 827 167 AD
858 129 1117 168 ATTICVM
1415 130 1573 166 X1V.x

199 251 281 280 tum
309 242 466 292 potuit?
499 241 575 279 iam
604 241 755 291 pridem
784 240 1032 290 perieramus.
1095 239 1365 278 Meministine
1390 248 1427 277 te
1454 241 1528 277 cla-

199 322 303 346 mare
331 320 489 345 causam
518 306 663 356 perisse
684 305 715 343 si
743 307 877 343 funere
905 307 1028 343 elatus
1056 306 1186 343 esset?
1239 307 1292 342 At
1320 304 1383 342 ille
1410 304 1527 342 etiam

198 372 236 409 in
277 374 360 409 foro
400 371 630 410 combustus
669 372 930 420 laudatusque
969 369 1240 407 miserabiliter
1279 369 1457 419 servique
1492 377 1529 407 et

198 445 357 487 egentes
378 437 418 474 in
436 444 540 475 tecta
560 444 692 474 nostra
714 450 803 474 cum
825 435 975 473 facibus
997 434 1172 472 immissi.
1225 435 1338 482 Quae
1355 435 1529 472 deinde?

160 518 176 548 5
198 511 239 540 ut
268 504 441 541 audeant
462 502 604 548 dicere,
631 503 770 539 ‘Tune
800 508 937 539 contra
964 499 1143 539 Caesaris
1172 501 1365 537 nutum?'
1415 502 1529 538 Haec

197 577 234 606 et
269 568 359 606 talia
393 569 489 606 ferre
522 581 602 605 non
637 580 810 616 possum.
872 568 1013 615 Itaque
1038 568 1131 618 ίγῆν
1158 566 1230 615 πρὸ
1260 567 1327 617 γῆς
1353 564 1529 615 ὀοὲἰῖος

197 642 262 670 tua
290 641 422 671 tamen
448 634 658 683 ὑπηνέμιος.

252 699 409 736 Nausea
437 698 567 736 iamne
597 700 712 748 plane
739 697 864 736 abiit?
913 696 1014 734 Mihi
1036 696 1197 746 quidem
1224 709 1270 733 ex
1291 695 1366 733 tuis
1394 695 1529 734 litteris
1550 707 1573 733 2

197 762 436 800 coniectanti
477 763 529 800 ita
568 763 784 801 videbatur.
845 763 985 800 Redeo
1023 763 1073 799 ad
1106 761 1315 807 Tebassos,
1349 762 1526 807 Scaevas,

140 840 178 861 10
198 829 416 877 Fangones
480 830 568 865 Hos
605 836 646 866 tu
679 827 875 866 existimas
914 828 1114 865 confidere
1153 840 1193 864 se
1228 826 1292 863 illa
1327 825 1528 863 habituros

196 892 390 930 stantibus
431 892 576 930 nobis?
616 892 656 929 in
688 892 832 941 quibus
870 893 958 941 plus
996 891 1146 928 virtutis
1186 898 1370 941 putarunt
1409 904 1527 939 quam

195 957 342 1007 experti
373 965 474 995 sunt.
537 956 649 994 Pacis
679 956 739 994 isti
771 956 919 994 scilicet
948 964 1142 993 amatores
1172 963 1209 993 et
1240 969 1319 993 non
1351 954 1528 992 latrocini

194 1030 385 1060 auctores.
439 1024 491 1059 At
512 1036 596 1072 ego,
615 1035 704 1059 cum
728 1021 796 1059 tibi
819 1023 869 1059 de
891 1020 1056 1059 Curtilio
1079 1020 1211 1070 scripsi
1235 1019 1527 1069 Sextilianoque

196 1088 331 1133 fundo,
365 1086 500 1137 scripsi
536 1087 585 1124 de
619 1086 849 1131 Censorino,
883 1087 932 1124 de
970 1087 1165 1131 Messalla,
1202 1086 1251 1123 de
1286 1087 1442 1131 Planco,
1477 1087 1527 1123 de

138 1165 173 1195 15
198 1153 397 1198 Postumo,
415 1153 465 1190 de
485 1165 628 1202 genere
649 1159 743 1189 toto.
800 1150 943 1188 Melius
964 1151 1035 1188 fuit
1056 1150 1201 1201 perisse
1223 1150 1288 1188 illo
1310 1149 1525 1197 interfecto,

195 1218 303 1267 quod
326 1231 543 1267 numquam
565 1216 783 1263 accidisset,
808 1230 925 1265 quam
948 1217 1045 1254 haec
1067 1215 1211 1254 videre.

249 1281 437 1320 Octavius
478 1281 687 1331 Neapolim
724 1282 830 1319 venit
870 1293 963 1318 xlm
1002 1283 1092 1319 Kal.
1157 1280 1218 1318 Ibi
1253 1294 1343 1319 eum
1380 1280 1526 1318 Balbus
1548 1290 1571 1327 3

195 1361 310 1385 mane
346 1346 533 1397 postridie
569 1348 791 1396 eodemque
826 1346 890 1384 die
926 1359 1082 1383 mecum
1117 1345 1157 1383 in
1190 1347 1386 1393 Cumano,
1417 1345 1526 1382 illum

194 1412 453 1451 hereditatem
474 1412 685 1450 aditurum.
748 1413 837 1457 Sed,
857 1419 897 1448 ut
919 1410 1066 1457 scribis,
1090 1411 1323 1460 †fn‹}66<,aw†
1345 1424 1526 1460 magnam

136 1492 176 1513 20
194 1491 286 1515 curn
307 1476 495 1514 Antonio.
557 1475 763 1514 Buthrotia
785 1475 879 1513 mihi
901 1484 967 1513 tua
987 1489 1046 1513 res
1069 1484 1140 1522 est.
1161 1484 1203 1514 ut
1223 1476 1353 1523 debet,
1377 1475 1526 1525 eritque

194 1556 320 1580 curae.
381 1543 501 1590 Quod
535 1541 698 1592 quaeris,
736 1541 867 1579 iamne
900 1542 950 1579 ad
985 1549 1153 1579 centena
1183 1541 1432 1587 Cluvianum,
1461 1542 1527 1579 ad-

192 1616 350 1646 ventare
371 1607 534 1646 videtur.
595 1607 751 1646 Scilicet
772 1607 899 1657 primo
920 1620 1026 1644 anno
1049 1618 1163 1643 LXXX
1184 1606 1429 1644 detersimus.

247 1672 420 1721 Quintus
449 1680 558 1722 pater
584 1673 635 1710 ad
663 1686 726 1710 me
752 1671 882 1722 gravia
902 1673 952 1710 de
978 1671 1069 1717 filio,
1094 1671 1262 1709 maxime
1283 1673 1390 1721 quod
1413 1672 1524 1709 matri
1545 1684 1571 1721 4

193 1751 298 1775 nunc
338 1738 537 1787 indulgeat
577 1737 639 1775 cui
678 1745 794 1775 antea
833 1737 934 1774 bene
974 1736 1137 1774 merenti
1177 1736 1291 1774 suerit
1330 1736 1521 1774 inimicus.

134 1816 172 1847 25
193 1803 379 1841 Ardentis
401 1802 439 1840 in
462 1816 551 1840 eum
573 1802 717 1839 litteras
738 1803 790 1840 ad
811 1816 874 1839 me
900 1801 1013 1839 misit.
1076 1803 1147 1839 Ille
1167 1809 1299 1839 autem
1322 1801 1417 1851 quid
1437 1810 1525 1851 agat

191 1867 221 1905 si
243 1868 317 1906 scis
339 1869 566 1917 nequedum
585 1869 716 1905 Roma
735 1881 775 1905 es
797 1869 1005 1917 profectus,
1029 1867 1174 1905 scribas
1195 1868 1245 1905 ad
1268 1880 1330 1904 me
1350 1866 1465 1904 velim
1487 1875 1525 1905 et

191 1934 348 1971 hercule
370 1933 400 1971 si
422 1933 517 1982 quid
538 1932 655 1971 aliud.
715 1934 983 1971 Vehementer
1003 1933 1177 1970 delector
1198 1931 1273 1969 tuis
1294 1931 1439 1970 litteris.

233 2039 253 2067 6
279 2037 357 2067 talia
383 2033 523 2067 EORZ‘
544 2049 550 2067 ι
589 2036 653 2067 alia
679 2042 706 2066 Δ
820 2047 836 2075 7
863 2035 1016 2075 ὑπήνεμος
1040 2037 1118 2066 coni.
1145 2035 1271 2074 Tvrrcll
1401 2047 1421 2074 9
1446 2046 1522 2066 con-

191 2080 330 2111 iectanti
353 2081 379 2110 C
398 2085 427 2110 et
449 2080 514 2110 cod.
538 2080 846 2112 Laumslzcimensis:
881 2080 1086 2110 conlectanti
1107 2079 1223 2109 ORP:
1252 2090 1324 2109 cum
1348 2079 1467 2109 letanti
1486 2079 1527 2109 M

194 2133 231 2154 10
256 2125 435 2163 Fangones
459 2123 536 2153 Ilzm
560 2124 626 2154 coll.
649 2123 714 2153 Dio
740 2124 830 2155 Cass.
852 2123 955 2155 xlviii.
976 2135 1026 2155 22.
1051 2134 1082 2162 3,
1107 2123 1253 2163 Appiam,
1282 2123 1320 2153 Β.
1351 2123 1385 2153 C.
1412 2134 1440 2153 V.
1469 2125 1522 2160 26,

192 2167 226 2197 C.
248 2167 273 2198 I.
294 2166 333 2198 L.
354 2179 385 2198 Χ.
406 2168 511 2206 3758:
539 2167 776 2206 srangfc*0nes
792 2167 882 2198 codd.
1066 2177 1104 2205 13
1128 2171 1284 2197 auctores
1313 2167 1520 2206 chscnbetg:

190 2213 369 2242 auctores?
387 2211 475 2251 vulg.
599 2211 856 2250 Sextilianoque
874 2211 967 2240 splem.
991 2222 996 2240 :
1023 2211 1291 2249 sestulitanoque
1310 2209 1351 2239 M
1484 2213 1523 2240 16

191 2255 389 2295 numquam]
409 2255 534 2284 utinam
557 2254 764 2285 Gronovius:
789 2255 915 2284 utinam
935 2265 1115 2293 numquam
1133 2255 1212 2285 coni.
1230 2252 1381 2283 Schmidt
1483 2264 1522 2292 19

189 2297 347 2336 ῥιξόθεμιν
366 2299 479 2337 (quasi
499 2309 537 2327 ex
561 2298 632 2328 rixa
655 2301 685 2327 et
705 2297 804 2335 θέμις)
823 2297 978 2329 ORPMs
992 2297 1169 2327 Lehmann
1185 2308 1192 2327 z
1222 2296 1381 2335 ῥηξὶθεμιν
1398 2296 1522 2326 Rosius

191 2351 232 2370 22
257 2341 393 2371 Scilicet
415 2340 621 2380 Wesenbmg:
648 2342 708 2370 sed
727 2341 813 2372 codd.
927 2342 968 2371 26
994 2341 1104 2371 Roma
1122 2351 1159 2371 es
1176 2340 1215 2371 I:
1241 2350 1331 2370 rome
1349 2350 1385 2370 es
1405 2340 1518 2370 ORP:

192 2384 300 2414 Rome
319 2390 347 2414 Δ
459 2395 498 2424 27
525 2385 656 2415 delecto
677 2384 795 2415 ORMl

1370 2445 1431 2475 32*
