1742 2651
70 100 165 137 XII.
187 99 277 136 xliv
560 101 615 137 M.
647 102 815 138 TVLLI
848 101 1154 140 CICERONIS

239 227 386 263 XLIV
519 232 586 263 Ssl'.
610 232 755 262 Assuras
771 233 806 262 sis
819 233 866 263 Id.
889 232 969 264 illas.
989 244 1018 263 a.
1039 243 1097 272 709
1118 235 1169 272 (715
1190 258 1196 264 .

603 319 773 349 CH‘ERO
805 320 986 350 ilTTlCO
1015 319 1119 351 SAL.

163 421 178 448 1
254 410 303 446 Et
326 408 499 447 Hirtium
520 408 668 458 aliquid
689 410 739 447 ad
761 417 798 447 te
818 410 1021 459 συμπαθῶς
1040 411 1090 448 de
1111 423 1174 448 me
1195 409 1392 459 scripsisse
1413 409 1524 447 facile

197 473 322 522 patior
343 474 450 523 (fecit
471 473 577 511 enim
605 475 794 521 humane)
816 482 853 512 et
874 483 912 512 te
933 474 1015 513 eius
1043 474 1250 524 epistulam
1277 476 1327 512 ad
1355 487 1418 512 me
1445 487 1524 511 non

198 538 348 576 misisse
384 540 507 576 multo
541 538 718 585 facilius3
761 548 801 576 tu
834 540 939 577 enim
972 540 1089 577 etiam
1122 539 1342 577 humanius.
1416 539 1525 576 Illius
1547 551 1563 582 5

197 602 337 640 librum
374 617 492 652 quem
530 604 581 641 ad
617 617 679 641 me
715 603 817 641 misit
849 605 900 642 de
935 605 1088 643 Catone
1118 612 1323 654 propterea
1352 605 1442 642 volo
1472 604 1527 641 di-

196 668 342 716 vulgari
372 681 393 705 a
424 668 498 705 tuis·
524 677 565 706 ut
602 682 648 706 ex
679 668 842 707 istorum
873 669 1159 719 vituperatione
1190 669 1236 707 sit
1272 669 1372 706 illius
1404 668 1527 707 maior

196 733 379 770 laudatio.

154 812 178 839 2
252 799 373 846 Quod
394 812 462 848 per
484 800 697 838 Mustelam
718 799 810 849 agis,
835 800 957 838 habes
978 799 1181 838 hominem
1203 800 1316 838 valde
1337 798 1526 837 idoneum

198 863 355 914 meique
393 878 486 903 sane
527 865 747 903 studiosum
789 865 864 903 iam
905 865 997 904 inde
1035 880 1058 904 a
1098 865 1303 904 Pontiano.
1378 865 1526 902 Perfice
1552 879 1589 900 ιο

198 929 313 979 igitur
332 930 492 979 aliquid.
540 931 649 978 Quid
669 939 801 968 autem
824 931 931 969 aliud
953 931 1027 969 nisi
1048 938 1089 969 ut
1110 931 1239 969 aditus
1261 931 1309 968 sit
1329 929 1528 980 emptori?

198 997 306 1044 quod
328 1009 395 1044 per
415 995 594 1044 quemvis
615 997 800 1034 heredem
826 1004 955 1046 potest
976 996 1087 1035 effici.
1146 997 1224 1034 Sed
1254 997 1466 1033 Mustelam
1488 995 1528 1033 id

199 1062 472 1109 perfecturum,
489 1061 520 1098 si
542 1061 694 1111 rogaris,
712 1070 818 1111 puto.
866 1061 967 1098 Mihi
984 1075 1075 1099 vero
1091 1069 1129 1099 et
1145 1063 1277 1099 locum
1293 1074 1412 1110 quem
1433 1068 1528 1110 opto

198 1126 249 1162 ad
276 1125 316 1163 id
346 1127 455 1175 quod
483 1127 664 1164 volumus
688 1126 843 1164 dederis
868 1134 906 1164 et
936 1134 1135 1176 praeterea
1156 1127 1358 1178 ἐγγήραμα.
1424 1127 1528 1163 Nam

200 1189 264 1227 illa
284 1189 351 1227 Sili
373 1197 410 1228 et
430 1190 546 1228 Drusi
567 1204 647 1228 non
669 1190 760 1228 satis
777 1192 1059 1229 οῖκοδεσποτικὰ
1075 1190 1170 1228 mihi
1187 1190 1377 1228 videntur.
1420 1189 1528 1238 Quid
1552 1203 1588 1235 15

199 1254 335 1293 enim?
365 1256 500 1293 sedere
518 1263 621 1293 totos
642 1255 725 1294 dies
747 1255 785 1293 in
803 1256 921 1294 villa?
960 1258 1040 1294 Ista
1062 1255 1175 1305 igitur
1197 1255 1340 1301 malim,
1359 1254 1529 1304 primum

200 1319 383 1366 Othonis,
407 1320 552 1358 deinde
574 1320 749 1360 Clodiae.
810 1321 849 1359 Si
871 1321 967 1358 nihil
990 1322 1065 1367 fiet,
1088 1328 1155 1358 aut
1178 1322 1308 1358 Druso
1336 1321 1451 1358 ludus
1472 1327 1529 1357 est

200 1386 466 1435 suggerendus
487 1393 553 1423 aut
574 1387 766 1423 utendum
787 1388 1025 1424 Tusculano.

155 1463 180 1499 3
255 1451 376 1498 Quod
398 1450 506 1488 domi
529 1458 566 1488 te
587 1450 777 1488 inclusisti
799 1451 948 1489 ratione
975 1451 1124 1492 fecisti:
1154 1452 1233 1497 sed,
1258 1463 1416 1500 quaeso,
1440 1463 1530 1488 con-

201 1515 273 1553 fice
295 1524 331 1553 et
356 1523 394 1553 te
415 1529 582 1553 vacuum
613 1517 734 1554 redde
762 1516 886 1554 nobis.
948 1518 1034 1566 Ego
1058 1516 1160 1561 hinc,
1185 1524 1226 1553 ut
1247 1515 1381 1565 scripsi
1401 1524 1527 1561 antea,
1553 1529 1590 1550 20

201 1580 388 1630 postridie
412 1581 507 1618 Idus
530 1580 692 1627 Lanuvi,
716 1581 861 1619 deinde
882 1581 1069 1631 postridie
1085 1581 1125 1619 in
1146 1583 1384 1618 Tusculano.
1428 1581 1530 1619 Con-

200 1646 285 1683 tudi
317 1645 422 1683 enim
457 1645 633 1683 animum
669 1654 707 1683 et
741 1647 903 1684 fortasse
933 1646 1018 1692 vici,
1051 1646 1081 1683 si
1113 1647 1234 1684 modo
1266 1658 1526 1695 permansero.

201 1712 308 1750 Scies
330 1711 443 1761 igitur
464 1713 625 1750 fortasse
646 1725 740 1759 cras,
765 1725 963 1749 summum
984 1711 1181 1761 perendie.

255 1778 333 1815 Sed
368 1776 463 1826 quid
498 1784 567 1823 est,
600 1779 777 1826 quaeso?
836 1777 1069 1814 Philotimus
1101 1791 1173 1814 nec
1208 1776 1385 1815 Carteiae
1416 1777 1528 1813 Pom-

200 1841 332 1892 peium
364 1841 485 1879 teneri
507 1841 602 1892 (qua
622 1842 672 1880 de
700 1855 738 1879 re
766 1841 977 1879 litterarum
1002 1843 1052 1879 ad
1081 1841 1266 1880 Clodium
1296 1840 1527 1878 Patavinum
1551 1855 1588 1886 ²5

201 1906 407 1944 missarum
429 1908 651 1956 exemplum
675 1906 770 1943 mihi
793 1906 946 1956 Oppius
974 1915 1011 1944 et
1034 1907 1180 1944 Balbus
1209 1906 1403 1951 miserant,
1427 1918 1467 1943 se
1488 1904 1528 1942 id

201 1973 347 2009 factum
369 1971 560 2021 arbitrari)
583 1973 811 2020 bellumque
841 1979 967 2009 narrat
989 1971 1181 2021 reliquum
1210 1970 1301 2009 satis
1329 1983 1526 2018 magnum.

202 2038 309 2075 Solet
330 2036 494 2075 omnino
514 2050 599 2075 esse
623 2037 887 2074 Fulviniaster.
948 2038 1026 2075 Sed
1054 2044 1196 2081 tamen,
1219 2036 1249 2073 si
1271 2035 1366 2085 quid
1394 2035 1526 2073 habes.

203 2104 306 2140 Volo
328 2102 444 2140 etiam
466 2104 516 2140 de
537 2102 738 2151 naufragio
760 2102 981 2141 Caniniano
1002 2101 1098 2140 scire
1119 2102 1214 2151 quid
1235 2101 1294 2139 sit.

252 2216 290 2240 10
314 2206 460 2245 ratione]
488 2212 582 2236 recte
601 2205 788 2246 lVesenberg
988 2215 1026 2235 21
1056 2205 1182 2235 Lanuvi
1211 2204 1400 2235 Corradus:
1448 2205 1528 2235 lami

205 2249 395 2283 (=L(111m')
425 2250 482 2280 M:
524 2250 710 2279 Lanuvium
737 2249 834 2280 Rom.
979 2260 1019 2287 24
1045 2259 1106 2279 nec
1138 2249 1291 2279 Carteiae
1320 2248 1439 2279 Mam:
1466 2259 1529 2278 nec

205 2294 321 2323 cartiui
340 2292 398 2323 M:
425 2303 485 2322 nec
503 2293 633 2323 Cartini
650 2287 693 2321 ΖΙ
711 2305 716 2323 :
743 2298 845 2330 negat
862 2295 966 2322 artius
982 2292 1084 2322 Boot:
1111 2303 1171 2322 nec
1194 2292 1349 2322 Carteiae
1367 2292 1428 2322 Cn.
1450 2293 1528 2322 coni.

206 2336 322 2367 Lamb.
459 2338 500 2366 28
526 2337 752 2366 Fulviniaster
776 2340 846 2366 vell.
879 2335 1019 2375 Tvrwll:
1058 2336 1138 2366 fului
1165 2340 1288 2366 master
1320 2335 1381 2365 llll:
1422 2335 1528 2365 fulmi-

207 2386 319 2410 naster
336 2379 507 2410 Schmidt:
524 2379 700 2419 φιλοτίμων
719 2378 847 2419 μαστὴρ
864 2381 943 2410 (οιιί.
962 2379 1045 2409 Reid
