1742 2651
67 110 162 146 XII.
183 109 292 145 xxiii
566 109 622 146 M.
654 108 824 145 TVLLI
856 106 1163 146 CICERONIS

199 220 290 257 fido.
353 221 414 257 De
436 220 602 257 Gamala
621 218 788 257 dubium
809 231 890 255 non
912 217 1007 255 mihi
1028 224 1119 255 erat.
1179 217 1297 254 Vnde
1317 215 1422 254 enim
1449 222 1529 253 tam

199 284 289 322 felix
311 284 430 334 Ligus
452 286 589 334 pater?
647 286 751 322 Nam
779 283 874 333 quid
901 284 951 321 de
979 296 1042 321 me
1070 282 1212 329 dicam,
1235 281 1300 320 cui
1326 289 1369 319 ut
1397 279 1531 319 omnia

202 349 431 399 contingant
453 363 553 398 quae
574 351 674 395 volo,
698 348 815 386 levari
836 362 916 386 non
937 349 1132 398 possum?

258 416 319 452 De
342 414 459 451 Drusi
481 414 612 460 hortis,
637 413 773 463 quanti
795 413 950 451 licuisse
971 421 1012 451 tu
1041 412 1187 459 scribis,
1210 412 1250 451 id
1278 425 1351 461 ego
1372 424 1531 462 quoque

201 479 401 517 audieram
433 488 480 525 et,
505 487 547 516 ut
577 479 726 528 opinor,
751 478 833 516 heri
863 479 914 516 ad
944 486 982 515 te
1013 477 1267 527 scripseram3
1297 478 1367 515 sed
1394 476 1531 526 quanti

201 544 337 593 quanti
360 545 460 582 bene
482 544 623 581 emitur
644 545 752 593 quod
774 557 934 581 necesse
955 551 1022 580 est.
1086 542 1198 588 Mihi,
1223 555 1385 591 quoquo
1410 543 1531 580 modo

200 616 241 646 tu
263 609 459 646 existimas
482 608 581 648 (scio
603 608 707 646 enim
730 622 803 657 ego
830 608 913 657 ipse
935 607 1030 657 quid
1052 609 1102 645 de
1124 620 1186 645 me
1211 606 1459 657 existimem),
1482 607 1531 644 16-

200 674 304 711 vatio
325 675 520 723 quaedam
543 681 610 720 est,
635 673 665 710 si
687 672 817 709 minus
838 672 984 710 doloris
1005 680 1043 709 at
1064 671 1167 710 offici
1188 671 1323 709 debiti.

254 740 318 776 Ad
349 739 503 776 Siccam
531 737 676 787 scripsi,
701 739 809 787 quod
840 737 959 774 utitur
990 738 1032 774 L.
1057 737 1186 775 Cotta.
1246 736 1285 774 Si
1315 736 1411 773 nihil
1442 749 1532 774 con-

202 803 352 841 ficietur
381 805 430 842 de
458 803 773 849 Transtiberinis,
798 802 916 840 habet
946 802 985 839 in
1015 801 1189 840 Ostiensi
1217 802 1334 840 Cotta
1363 801 1531 839 celeber-

201 869 300 906 rimo
321 871 409 907 loco
435 870 504 906 sed
526 868 710 918 pusillum
733 868 819 914 loci,
843 869 893 905 ad
919 869 1021 905 hanc
1050 880 1130 904 rem
1152 875 1284 904 tamen
1306 868 1392 916 plus
1413 866 1530 904 etiam

203 947 320 983 quam
343 933 445 971 satis.
508 934 555 971 Id
577 933 693 971 velim
715 932 873 982 cogites
935 933 1020 969 Nec
1046 940 1177 969 tamen
1202 931 1274 968 ista
1301 931 1424 980 pretia
1448 932 1532 968 hor-

202 1006 328 1036 torum
360 998 615 1048 pertimueris.
676 999 760 1035 Nec
782 997 876 1034 mihi
907 997 983 1034 iam
1011 1004 1173 1045 argento
1200 1009 1273 1033 nec
1297 1004 1404 1033 veste
1433 1009 1532 1044 opus

202 1072 259 1101 est
291 1077 364 1101 nec
396 1063 633 1112 quibusdam
666 1061 843 1100 amoenis
876 1061 997 1105 locis;
1037 1063 1113 1099 hoc
1145 1074 1243 1110 opus
1275 1068 1343 1098 est.
1403 1060 1532 1097 Video

201 1128 318 1166 etiam
350 1142 373 1165 a
397 1128 539 1177 quibus
569 1127 743 1165 adiuvari
774 1126 933 1176 possim.
993 1127 1071 1164 Sed
1102 1127 1262 1175 loquere
1291 1138 1381 1162 cum
1413 1124 1532 1169 Silio3

202 1194 299 1231 nihil
324 1194 428 1231 enim
457 1201 514 1231 est
543 1193 692 1230 melius.
756 1191 944 1230 Mandavi
970 1191 1087 1229 etiam
1110 1191 1255 1229 Siccae.
1317 1189 1531 1238 Rescripsit

201 1259 458 1296 constitutum
481 1272 522 1296 se
543 1271 633 1295 cum
660 1270 707 1295 eo
734 1258 889 1295 habere.
950 1256 1101 1294 Scribet
1129 1256 1243 1306 igitur
1268 1256 1319 1293 ad
1347 1268 1409 1292 me
1436 1254 1532 1304 quid

200 1324 330 1374 egerit,
354 1332 391 1362 et
412 1332 453 1362 tu
475 1323 637 1362 videbis.

245 1471 398 1506 XXIV
520 1473 588 1505 Ser.
607 1473 752 1504 Asturae
766 1473 882 1506 .1·1'1'1‘K.
900 1473 981 1513 Apr.
1003 1484 1033 1504 a.
1055 1484 1114 1514 709
1133 1474 1215 1515 (45).

609 1561 779 1592 CICERO
810 1561 992 1592 ATTICO
1023 1561 1128 1593 SAL.

258 1655 366 1691 Bene
406 1652 496 1690 fecit
531 1654 577 1689 A.
612 1651 728 1689 Silius
768 1651 835 1700 qui
874 1652 1111 1701 transegerit.
1173 1653 1315 1701 Neque
1354 1650 1459 1688 enim
1498 1648 1533 1686 ei

202 1720 339 1757 deesse
369 1718 550 1755 volebam
582 1724 619 1755 et
649 1717 745 1766 quid
776 1729 932 1766 possem
964 1717 1163 1755 timebam.
1226 1718 1287 1754 De
1316 1715 1416 1754 Ovia
1445 1727 1534 1752 con-

204 1785 287 1829 fice,
322 1792 363 1821 ut
398 1782 544 1820 scribis.
617 1783 678 1819 De
713 1780 904 1820 Cicerone
940 1790 1095 1831 tempus
1130 1795 1214 1820 esse
1246 1781 1323 1819 iam
1358 1781 1534 1823 videtur3

205 1851 273 1887 sed
301 1861 457 1898 quaem,
482 1848 590 1896 quod
618 1846 672 1883 illi
700 1859 798 1895 opus
821 1846 901 1892 erit,
926 1847 1093 1884 Athenis
1121 1846 1384 1896 permutarine
1412 1844 1534 1894 possit

205 1929 255 1952 an
288 1914 360 1964 ipsi
396 1914 600 1951 ferendum
637 1911 694 1958 sit,
722 1912 771 1949 de
807 1918 967 1960 totaque
1002 1925 1041 1949 re
1073 1925 1191 1961 quem
1221 1912 1272 1949 ad
1303 1911 1466 1948 modum
1497 1917 1535 1947 et
1558 1926 1570 1946 2

207 1981 368 2029 quando
388 1980 541 2028 placeat
562 1977 678 2014 velim
707 1976 942 2014 consideres.
1004 1976 1195 2014 Publilius
1222 1976 1395 2014 iturusne
1421 1975 1467 2011 sit
1496 1973 1535 2011 in

209 2044 381 2082 Africam
409 2051 447 2081 et
468 2043 629 2092 quando
657 2055 703 2079 ex
724 2041 867 2079 Aledio
892 2041 989 2079 scire
1016 2042 1172 2091 poteris.
1232 2043 1406 2089 Quaeras
1427 2047 1464 2077 et
1485 2040 1535 2077 ad

256 2159 268 2177 1
296 2146 433 2178 Gamala
453 2146 520 2176 Car.
542 2157 564 2176 c.
585 2139 650 2175 Zl':
676 2145 805 2183 magala
831 2149 882 2174 A:
908 2145 1052 2182 magalia
1077 2145 1146 2175 RP
1294 2155 1315 2184 9
1338 2144 1537 2174 conficietur

209 2191 314 2221 Pius:
338 2190 564 2220 conficeretur
579 2188 667 2219 codd.
773 2198 810 2218 12
834 2198 932 2226 quam
955 2183 1148 2219 CZbORP:
1172 2199 1237 2219 ont.
1258 2193 1285 2218 Δ
1379 2197 1415 2226 13
1442 2188 1450 2204 ⁴
1466 2187 1536 2217 Nec

210 2236 292 2264 mihi
310 2240 377 2264 tam
395 2238 536 2271 argento
562 2243 623 2262 nec
649 2237 744 2261 veste
770 2241 855 2270 opus
879 2236 931 2261 est
955 2231 1087 2271 <neque
1112 2231 1251 2273 bubus)’
1270 2241 1367 2270 quam
1385 2231 1535 2261 amoenis

209 2278 302 2315 locis⁷
322 2280 329 2293 ⁶
343 2277 418 2307 Hoc
430 2287 515 2315 opus
533 2282 584 2306 est
598 2275 604 2285 ’
623 2274 791 2315 Pluygers,
813 2274 870 2314 qui
884 2273 993 2305 Lucili
1006 2286 1117 2306 versus
1133 2286 1166 2305 se
1180 2276 1297 2305 eruisse
1307 2279 1408 2314 putat
1500 2284 1535 2313 17

210 2322 342 2351 Scribet
358 2320 454 2350 Rom.
474 2331 478 2349 :
504 2319 618 2349 scribit
635 2317 676 2347 M
762 2329 802 2356 24
827 2328 912 2357 opus
929 2319 990 2348 erit
1007 2319 1163 2351 Athenis.
1183 2319 1414 2357 permutarine
1431 2317 1536 2355 vulga

209 2376 238 2396 o.
259 2365 333 2402 erit.
351 2363 507 2394 Athenas
524 2372 554 2401 p.
575 2363 654 2393 coni.
671 2360 756 2391 Reid
884 2363 926 2390 26
952 2362 1114 2392 Publilius
1132 2362 1252 2392 Rosius
1268 2373 1275 2392 ε
1302 2361 1439 2391 Publius
1457 2360 1497 2390 M

1554 815 1592 836 10

1554 1569 1595 1591 20
