1742 2651
584 126 695 164 EPP.
728 127 806 163 AD
837 125 1096 164 ATTICVM
1405 126 1500 163 XII.
1524 124 1618 162 xlix

221 264 369 300 XLIX
450 267 519 300 Ser.
539 268 572 299 in
595 268 780 300 Tusculano
794 270 851 300 xiv
868 270 911 302 K.
927 269 1002 301 Iun.
1022 280 1052 301 a.
1074 280 1132 309 709
1153 269 1233 310 (45).

586 353 760 384 CICERO
788 352 969 383 ATTICO
998 352 1103 383 SAL.

233 436 459 474 Sentiebam
503 436 667 474 omnino
711 445 903 486 quantum
944 436 1041 474 mihi
1080 449 1264 485 praesens
1304 436 1547 486 prodessesl

179 502 248 538 sed
279 503 403 539 multo
434 501 556 550 magis
587 509 675 551 post
705 501 922 540 discessum
953 510 1063 539 tuum
1096 501 1233 538 sentio.
1295 502 1426 549 Quam
1457 501 1509 537 ob
1532 488 1669 529 s'ffi'ffl)

138 579 155 610 5
178 579 271 612 rem,
295 574 336 603 ut
357 574 448 604 ante
469 567 519 604 ad
540 574 578 604 te
599 566 747 616 scripsi,
769 574 836 604 aut
857 579 930 616 ego
949 567 1001 604 ad
1025 574 1062 605 te
1084 574 1188 604 totus
1210 574 1276 603 aut
1298 574 1339 603 tu
1360 567 1410 604 ad
1433 579 1506 612 me,

177 632 286 680 quod
308 630 450 668 licebit.

232 697 331 734 Heri
370 710 450 735 non
483 699 608 735 multo
642 704 730 747 post
765 710 883 747 quam
916 705 956 735 tu
988 710 1011 735 a
1045 710 1108 735 me
1142 696 1365 743 discessisti,
1398 704 1505 746 puto,
1527 710 1550 736 2

177 761 338 812 quidam
378 761 516 799 urbani
549 769 590 800 ut
622 761 857 800 videbantur
889 763 940 799 ad
976 775 1038 800 me
1073 763 1259 800 mandata
1291 770 1327 799 et
1362 761 1507 798 litteras
1529 758 1627 826 {3¹³⁸

176 827 388 864 attulerunt
426 840 449 864 a
488 827 532 865 C.
571 826 699 864 Mario
738 828 782 865 C.
820 828 842 864 f.
885 828 928 865 C.
966 841 1001 864 n.
1040 827 1170 864 multis
1210 827 1337 864 verbis
1376 830 1509 876 ‘agere

118 903 159 926 10
178 905 334 929 mecum
364 905 432 941 per
462 892 738 942 cognationem
769 905 870 941 quae
901 891 997 928 mihi
1025 905 1158 930 secum
1187 899 1299 938 esset,
1324 905 1391 941 per
1418 905 1508 929 eum

179 957 350 994 Marium
385 970 503 1007 quern
543 957 795 1006 scripsissem,
828 970 896 1006 per
925 957 1192 1006 eloquentiam
1224 958 1266 994 L.
1292 956 1421 996 Crassi
1447 955 1509 993 avi

176 1021 235 1060 sui
265 1030 307 1060 ut
337 1035 378 1060 se
412 1023 691 1069 defenderem‚’
722 1036 961 1072 causamque
1000 1036 1111 1060 suam
1147 1022 1241 1060 mihi
1272 1021 1505 1072 perscripsit.

178 1086 376 1136 Rescripsi
408 1095 575 1136 patrono
614 1087 668 1125 illi
707 1087 803 1125 nihil
837 1101 937 1137 opus
977 1101 1073 1133 esse,
1105 1087 1294 1137 quoniam
1329 1087 1507 1127 Caesaris

175 1151 386 1201 propinqui
411 1151 493 1190 eius
523 1152 651 1190 omnis
679 1160 851 1202 potestas
876 1160 988 1199 esset,
1011 1152 1080 1190 viri
1107 1152 1247 1202 optimi
1271 1161 1309 1191 et
1336 1152 1508 1191 hominis

118 1229 154 1260 15
175 1216 435 1255 liberalissimi
452 1232 461 1265 3
491 1231 553 1256 me
570 1226 702 1256 tamen
723 1217 758 1256 ei
775 1219 983 1256 fauturum.
1030 1219 1066 1257 O
1083 1221 1283 1267 tempora!
1314 1220 1396 1256 fore
1417 1232 1507 1256 cum

174 1282 329 1321 dubitet
351 1283 510 1322 Curtius
532 1285 779 1321 consulatum
800 1291 932 1333 petere
950 1287 956 1321 Ξ
1014 1285 1092 1321 Sed
1113 1285 1210 1322 haec
1232 1285 1432 1322 hactenus.

230 1349 291 1386 De
323 1348 470 1386 Tirone
503 1348 599 1386 mihi
634 1362 748 1387 curae
782 1356 850 1386 est.
912 1349 990 1387 Sed
1023 1348 1099 1386 iam
1131 1349 1251 1386 sciam
1280 1349 1376 1399 quid
1405 1358 1503 1400 agat.
1528 1354 1576 1395 (εἶ
1604 1360 1628 1397 3

176 1412 274 1450 Heri
295 1412 401 1450 enirn
430 1413 517 1451 misi
547 1413 614 1463 qui
644 1413 816 1461 videret,⁸
847 1413 909 1451 cui
940 1413 1057 1451 etiam
1083 1415 1133 1451 ad
1162 1422 1199 1452 te
1227 1414 1372 1452 litteras
1400 1416 1503 1453 dedi.

176 1477 394 1527 Epistulam
421 1479 472 1516 ad
503 1478 737 1518 Ciceronem
768 1479 837 1517 tibi
869 1479 966 1517 misi.
1029 1479 1146 1517 Horti
1179 1492 1297 1529 quam
1331 1479 1369 1518 in
1400 1480 1504 1519 diem

116 1556 155 1577 20
174 1542 378 1593 proscripti
409 1543 485 1581 sint
516 1544 630 1582 velim
661 1545 711 1583 ad
743 1558 805 1582 me
835 1544 991 1582 scribas.

216 1689 252 1724 L
442 1691 510 1724 Ser.
531 1694 564 1723 in
587 1692 773 1724 Tusculano
789 1704 834 1724 xv
848 1693 892 1724 K.
910 1693 986 1725 Iun.
1005 1704 1034 1724 a.
1055 1704 1114 1734 709
1133 1694 1217 1735 (45).

581 1781 753 1812 CICERO
783 1782 966 1814 ATTICO
996 1781 1101 1814 SAL.

226 1871 279 1907 Vt
300 1884 363 1909 me
390 1871 533 1908 levarat
555 1878 643 1909 tuus
669 1872 862 1910 adventus
887 1871 942 1910 sic
970 1872 1165 1910 discessus
1194 1872 1353 1910 adflixit.
1415 1874 1505 1922 Qua

173 1948 212 1972 re
233 1948 323 1973 cum
353 1935 509 1985 poteris,
532 1935 572 1973 id
600 1943 657 1974 est
686 1950 777 1974 cum
808 1937 913 1975 Sexti
941 1937 1115 1976 auctioni
1145 1951 1305 1988 operam
1336 1939 1501 1987 dederis,

113 2015 152 2046 ²5
174 2000 316 2038 revises
350 2013 433 2038 nos.
493 2002 567 2038 Vel
599 2014 699 2038 unus
731 2001 814 2039 dies
848 2001 943 2039 mihi
983 2002 1054 2040 erit
1088 2002 1203 2050 utilis,
1239 2003 1334 2052 quid
1373 2003 1502 2042 dicam

175 2066 377 2115 ‘gratus⁷?
435 2067 525 2115 Ipse
558 2067 727 2104 Romam
760 2066 933 2105 venirem
963 2074 1005 2105 ut
1032 2081 1110 2105 una
1137 2081 1323 2115 essemus,
1353 2068 1384 2106 si
1411 2069 1503 2107 satis

172 2132 395 2168 consultum
417 2132 589 2180 quadam
611 2131 660 2169 de
681 2144 720 2169 re
740 2131 938 2170 haberem.

215 2243 235 2271 5
260 2238 352 2263 totus
368 2244 441 2263 cnm
465 2244 553 2263 cruce
576 2232 699 2263 Msiller
718 2234 779 2273 qui
798 2234 878 2266 coni.
903 2235 1032 2265 otiosus
1058 2235 1102 2273 (et
1124 2246 1226 2274 quom
1244 2242 1306 2277 pro
1329 2238 1436 2276 quod)
1454 2238 1504 2268 vel

173 2275 254 2307 ὅλως
416 2287 432 2315 7
459 2277 556 2316 puto]
588 2277 700 2307 subito
725 2277 824 2308 Klotz
975 2289 1013 2317 19
1037 2278 1257 2320 Ciceronem]
1284 2281 1466 2311 Caesarem
1482 2281 1503 2310 I

172 2329 211 2358 27
238 2320 425 2351 consultum
440 2320 583 2350 Mt‘iller:
608 2320 781 2351 consilium
802 2320 887 2351 codd.
906 2333 912 2352 z
938 2321 1054 2351 consili
1068 2321 1257 2354 Corradus:
1282 2325 1499 2355 constitutum

173 2363 349 2394 consilium
366 2363 542 2394 Lehmann
