1742 2651
39 100 156 138 XIII.
181 99 304 136 xxxii
564 101 620 138 M.
652 99 820 137 TVLLI
852 99 1157 138 CICERONIS

191 226 327 262 parum
359 211 590 258 intellexisti,
615 213 744 258 credo,
768 211 859 261 quia
889 212 947 249 διὰ
975 213 1138 261 σημείων
1161 211 1399 261 scripseram.
1459 212 1522 249 De

192 278 236 316 C.
259 277 461 315 Tuditano
482 277 587 315 enim
612 277 850 326 quaerebam
878 290 996 325 quem
1017 291 1063 314 ex
1086 276 1302 314 Hortensio
1322 275 1521 314 audieram

191 342 309 380 fuisse
330 342 369 379 in
390 343 541 380 decem.
603 344 705 379 Eum
727 342 843 379 video
864 341 903 379 in
926 341 1089 380 Libonis
1110 349 1327 391 praetorem
1350 343 1390 378 P.
1411 340 1523 390 Popi-

190 407 244 445 lio
274 409 314 445 P.
340 407 500 456 Rupilio
530 420 614 444 coss.
674 406 802 444 Annis
832 419 927 443 xliii
952 414 1043 444 ante
1070 420 1189 456 quam
1218 413 1372 456 praetor
1399 406 1523 442 factus

191 480 249 510 est
276 474 424 522 legatus
451 486 536 510 esse
566 471 768 522 potuisset,
792 471 865 509 nisi
895 473 1113 510 admodum
1143 485 1229 510 sero
1259 478 1442 520 quaestor
1466 477 1523 508 est
1544 480 1560 510 5

191 538 345 574 factus?
375 538 482 586 quod
504 550 585 574 non
605 536 779 574 arbitror.
837 536 967 574 Video
988 536 1094 574 enim
1115 536 1257 574 curulis
1279 535 1524 585 magistratus

191 615 281 639 eum
316 601 497 650 legitimis
531 601 645 638 annis
677 601 859 650 perfacile
894 601 1054 650 cepisse.
1115 601 1363 639 Postumium
1392 608 1523 638 autem

191 666 302 704 cuius
341 674 509 704 statuam
548 666 587 703 in
629 667 782 704 Isthmo
822 665 1048 704 meminisse
1086 674 1124 704 te
1163 666 1260 704 dicis
1299 665 1523 704 nesciebam

192 731 320 768 fuisse.
383 733 421 768 Is
450 739 583 768 autem
613 739 671 769 est
701 731 768 780 qui
787 744 853 768 cos.
883 744 974 768 cum
997 731 1045 768 L.
1074 732 1240 769 Lucullo
1270 730 1368 776 fuit;
1406 744 1523 780 quem

192 803 234 833 tu
256 795 351 832 mihi
371 796 558 834 addidisti
580 809 673 834 sane
693 798 743 834 ad
765 796 874 833 illum
892 797 1084 848 σύλλογον
1098 809 1306 845 personam
1328 796 1522 834 idoneam.
1548 808 1585 829 10

193 860 358 898 Videbis
380 860 502 910 igitur,
527 860 558 898 si
585 861 741 910 poteris,
764 869 926 908 ceteros,
949 869 991 899 ut
1018 861 1214 910 possimus
1233 865 1447 911 πομπεῦσαι
1469 861 1527 898 καὶ

193 929 267 966 τοῖς
286 927 510 975 προσώποις.

238 1033 442 1069 XXXIII
487 1036 555 1068 Ser.
577 1038 610 1067 ιἰι
633 1036 818 1068 Tusculano
835 1038 872 1067 1'1'1'
885 1037 970 1069 Non.
991 1037 1067 1068 Iun.
1089 1049 1119 1068 a.
1140 1048 1197 1076 709
1218 1038 1297 1077 (45³¹.

603 1115 775 1146 CICERO
806 1114 988 1144 ATTICO
1018 1114 1125 1146 SAL.

162 1200 179 1228 1
255 1189 290 1227 O
323 1186 609 1237 neglegentiam
649 1187 811 1224 miram!
887 1188 1069 1225 Semelne
1107 1195 1221 1236 putas
1255 1186 1352 1225 mihi
1384 1186 1528 1226 dixisse
1552 1199 1586 1230 ¹5

199 1254 367 1291 Balbum
406 1261 443 1290 et
483 1252 692 1290 Faberium
736 1252 1020 1302 professionem
1065 1253 1258 1290 relatam?
1305 1252 1371 1302 qui
1411 1252 1528 1290 etiam

196 1332 331 1357 eorum
363 1318 470 1356 iussu
506 1317 677 1356 miserim
710 1317 776 1368 qui
809 1319 1063 1368 profiteretur.
1124 1319 1185 1355 Ita
1216 1317 1320 1355 enim
1351 1325 1530 1368 oportere

198 1384 393 1422 dicebant.
455 1384 656 1421 Professus
681 1391 739 1421 est
762 1383 995 1421 Philotimus
1016 1383 1187 1421 libertus.
1248 1382 1375 1429 Nosti,
1398 1383 1530 1429 credo,

157 1449 410 1488 2librarium.
470 1450 548 1487 Sed
583 1448 728 1487 scribes
758 1456 796 1486 et
826 1448 987 1498 quidem
1019 1450 1255 1487 confectum.
1315 1449 1379 1486 Ad
1411 1448 1531 1486 Fabe-

200 1515 310 1561 rium,
334 1522 375 1552 ut
397 1514 467 1552 tibi
494 1515 633 1563 placet,
656 1513 801 1551 litteras
831 1513 929 1561 misi,
954 1527 1044 1551 cum
1067 1514 1193 1552 Balbo
1212 1522 1344 1552 autem
1372 1521 1468 1563 puto
1492 1520 1530 1551 te
1552 1526 1591 1546 20

197 1580 345 1629 aliquid
376 1580 513 1617 fecisse
543 1581 622 1619 †H.
655 1579 694 1616 in
726 1579 958 1628 Capitolio†.
1020 1581 1067 1617 In
1098 1580 1269 1630 Vergilio
1299 1579 1395 1617 mihi
1424 1580 1530 1616 nulla

197 1654 255 1684 est
276 1647 451 1684 δυσωπία.
513 1647 598 1683 Nec
620 1645 724 1683 enim
747 1645 829 1683 eius
857 1660 975 1684 causa
994 1660 1088 1684 sane
1109 1646 1238 1684 debeo
1259 1653 1306 1691 et,
1331 1645 1361 1683 si
1386 1658 1531 1690 emero,

197 1711 293 1761 quid
314 1711 383 1749 erit
405 1712 513 1760 quod
534 1712 737 1760 postulet?
785 1712 863 1749 Sed
878 1711 1029 1749 videbis
1050 1725 1099 1749 ne
1120 1711 1150 1748 is
1172 1719 1254 1748 tum
1276 1710 1324 1748 sit
1345 1710 1384 1747 in
1400 1708 1532 1747 Africa

198 1784 240 1814 ut
262 1776 429 1815 Caelius.

255 1844 316 1880 De
346 1841 506 1879 nomine
536 1849 578 1878 tu
608 1841 760 1879 videbis
791 1855 881 1879 cum
914 1842 1074 1892 Cispio;
1115 1843 1184 1880 sed
1214 1841 1245 1879 si
1272 1843 1438 1879 Plancus
1468 1841 1532 1878 de·
1555 1852 1590 1883 :5

199 1907 326 1954 stimat,
368 1915 451 1945 tum
494 1908 613 1945 habet
658 1921 717 1945 res
763 1908 1044 1946 difficultatem.
1114 1910 1173 1946 Te
1211 1908 1261 1945 ad
1302 1921 1363 1944 me
1403 1906 1532 1944 venire

250 2022 260 2042 1
290 2012 487 2042 intellexisti
508 2011 620 2052 vulg:
647 2012 801 2042 intellexi
828 2012 885 2041 M:
914 2013 1080 2042 intellexti
1106 2011 1190 2041 Pius
1349 2023 1367 2050 4
1395 2011 1532 2049 Rupilio

202 2066 287 2086 coss.
321 2056 433 2086 Annis
460 2055 585 2086 Romu:
624 2056 787 2095 Rupilian
821 2055 861 2085 Μ
1005 2066 1024 2094 5
1050 2054 1232 2095 potuisset]
1266 2065 1332 2085 non
1366 2054 1532 2094 potuisset

205 2099 365 2129 Vrsinus:
392 2110 459 2129 non
486 2100 593 2138 potuit
625 2098 814 2139 lVesenbetg
991 2100 1059 2140 est]
1087 2104 1179 2129 esset
1206 2098 1532 2138 Mz’iller(q111'1’11ter-

196 2144 318 2184 pungit
341 2144 516 2183 potuisset,
538 2144 601 2172 nisi
626 2167 632 2174 .
654 2167 660 2174 .
681 2168 687 2174 .
710 2148 802 2173 essct
827 2143 934 2173 factus
948 2144 975 2182 2}
1109 2144 1129 2172 8
1155 2143 1346 2173 nesciebam
1365 2141 1532 2172 Muretus:

202 2187 348 2217 sciebam
374 2186 414 2216 M
603 2198 624 2226 9
647 2197 713 2218 cos.
740 2191 768 2216 et
794 2187 828 2217 L.
856 2186 931 2217 add.
964 2186 1152 2226 lVesenhetg
1337 2196 1372 2224 15
1399 2186 1428 2215 O
1455 2185 1531 2216 add.

204 2230 326 2260 Miiller
522 2241 561 2270 19
586 2231 765 2261 confestim
790 2229 911 2260 Rosius
1111 2240 1149 2259 21
1177 2229 1278 2259 hodie
1303 2230 1337 2259 in
1363 2229 1533 2268 Capitolio

204 2274 346 2304 Rosius:
385 2274 477 2304 Hinc
510 2274 627 2314 incipit
659 2274 724 2304 alia
757 2274 827 2313 (he.
863 2274 1015 2313 epistula)
1044 2273 1210 2313 glossema
1241 2283 1306 2302 esse
1336 2273 1415 2303 com'.
1450 2273 1535 2302 Boot

203 2318 367 2356 Verginio
385 2317 471 2348 Reid
485 2318 552 2350 coll.
574 2319 631 2349 xii.
649 2328 668 2356 5
682 2329 701 2348 a
851 2327 892 2356 23
917 2322 986 2347 tum
1005 2316 1141 2356 Tyr-rell:
1167 2326 1241 2346 cum
1259 2316 1346 2346 codd.
1367 2328 1374 2346 ι
1399 2326 1534 2355 quoque

204 2363 280 2392 coni.
305 2362 406 2391 Orelli
590 2372 642 2400 25,
661 2363 704 2391 26
727 2361 888 2399 destinat,
903 2366 972 2391 tum
990 2360 1104 2390 codices
1123 2360 1221 2389 Bosi:
1247 2359 1455 2390 destinatum
1474 2358 1534 2388 M:

206 2406 411 2436 destinatum
430 2405 531 2435 habet
548 2405 740 2444 Malaspina
861 2406 902 2433 26
928 2404 1028 2434 habet
1046 2414 1100 2433 res
1117 2403 1198 2434 Ant.
1215 2401 1254 2433 ZI
1270 2414 1276 2432 :
1301 2403 1444 2433 haberes
1462 2402 1501 2431 M
