1742 2651
70 104 164 141 XII.

139 422 155 448 1

132 746 156 773 2

131 1789 155 1826 3

184 103 229 139 xl
547 104 602 140 M.
635 104 803 141 TVLLI
836 104 1142 142 CICERONIS

219 241 298 276 XL
497 244 568 275 διν.
589 244 730 274 Asturae
745 245 791 274 vii
804 244 853 275 ld.
876 243 956 274 Mai.
977 255 1007 275 a.
1032 254 1089 283 70¹)
1109 244 1190 284 (θ’).

585 326 757 357 CICERO
788 326 970 356 ATTICO
999 326 1104 357 SAL.

229 410 367 459 Qualis
389 412 517 448 futura
547 409 593 447 sit
616 409 794 447 Caesaris
815 409 1048 459 vituperatio
1075 417 1211 448 contra
1238 409 1507 449 laudationem

176 490 303 514 meam
334 475 511 525 perspexi
543 489 588 513 ex
619 488 666 512 eo
687 474 787 512 libro
814 488 933 523 quem
956 474 1110 512 Hirtius
1139 476 1189 513 ad
1218 489 1281 513 me
1308 475 1437 522 misit3
1467 475 1505 512 in

173 555 253 590 quo
280 540 440 589 conligit
462 539 553 577 vitia
575 538 739 578 Catonis
767 540 836 577 sed
861 553 951 577 cum
982 539 1159 577 maximis
1187 540 1370 578 laudibus
1396 539 1503 577 meis.

176 608 316 655 Itaque
338 605 423 643 misi
446 605 587 643 librum
610 606 659 642 ad
684 606 865 642 Muscam
888 612 929 642 ut
951 604 1026 642 tuis
1048 604 1211 642 librariis
1232 606 1352 643 daret.
1402 606 1507 643 Volo

175 671 280 710 enim
302 684 392 708 eum
414 669 603 719 divulgari
623 684 629 711 ;
658 671 766 718 quod
788 683 868 718 quo
890 669 1040 707 facilius
1063 670 1128 706 fiat
1149 669 1358 719 imperabis
1380 669 1465 707 tuis.

229 737 554 786 Συμβουλευτικὸν
588 748 704 784 saepe
743 749 874 772 conor.
936 734 1045 773 Nihil
1080 734 1230 784 reperio
1268 743 1306 773 et
1345 734 1506 784 quidem

174 816 329 841 mecum
371 802 499 839 habeo
538 808 575 839 et
607 800 891 849 Ἀριστοτέλους
929 807 967 838 et
1005 801 1230 849 Θεοπόμπου
1264 800 1383 838 libros
1417 801 1507 849 πρὸς

172 868 425 917 Ἀλέξανδρον.
486 867 564 905 Sed
595 866 690 915 quid
721 865 877 903 simile?
934 865 995 903 Illi
1024 873 1061 903 et
1092 879 1192 914 quae
1221 864 1313 914 ipsis
1341 866 1507 904 honesta

173 941 303 971 essent
324 933 546 971 scribebant
569 939 606 969 et
626 939 733 980 grata
755 931 991 969 Alexandro.
1054 930 1208 980 Ecquid
1231 938 1271 967 tu
1293 929 1376 968 eius
1397 930 1505 968 modi

174 998 346 1048 reperis?
418 997 519 1035 Mihi
559 996 721 1046 quidem
761 995 858 1033 nihil
898 995 936 1033 in
981 1003 1155 1033 mentem
1195 994 1310 1032 venit.
1386 996 1506 1043 Quod

174 1064 309 1102 scribis
340 1072 378 1102 te
408 1063 528 1101 vereri
554 1077 603 1100 ne
634 1070 670 1099 et
701 1061 821 1111 gratia
845 1069 883 1099 et
910 1061 1121 1099 auctoritas
1151 1068 1284 1099 nostra
1310 1062 1386 1098 hoc
1418 1074 1506 1099 meo

175 1142 348 1167 maerore
370 1128 576 1174 minuatur,
601 1140 674 1176 ego
702 1126 798 1176 quid
824 1126 1006 1164 homines
1031 1133 1097 1164 aut
1125 1127 1414 1175 reprehendant
1440 1132 1506 1163 aut

174 1196 373 1245 postulent
395 1193 538 1232 nescio.
600 1195 662 1231 Ne
683 1194 871 1231 doleam?
929 1192 1007 1240 Qui
1030 1193 1188 1241 potest?
1246 1193 1307 1229 Ne
1328 1191 1508 1229 iaceam?
1549 1209 1564 1239 5

175 1259 274 1307 Quis
305 1273 492 1309 umquam
516 1258 675 1296 minus?
733 1259 840 1295 Dum
872 1265 938 1295 tua
968 1271 1030 1295 me
1057 1258 1201 1295 domus
1231 1257 1396 1303 levabat,
1419 1256 1507 1306 quis

174 1338 196 1362 a
217 1338 279 1363 me
310 1326 519 1363 exclusus?
549 1324 636 1374 quis
667 1323 773 1362 venit
803 1322 869 1372 qui
900 1324 1147 1361 offenderet?
1204 1324 1388 1360 Asturam
1419 1336 1505 1360 sum

175 1398 256 1428 ate
277 1391 484 1440 profectus.
546 1391 694 1439 Legere
722 1388 783 1426 isti
812 1388 901 1426 laeti
932 1388 999 1437 qui
1022 1402 1084 1426 me
1112 1389 1405 1438 reprehendunt
1426 1395 1506 1425 tam

177 1456 298 1494 multa
319 1468 399 1492 non
422 1462 586 1504 possunt
607 1467 726 1503 quam
748 1467 821 1503 ego
842 1452 987 1502 scripsi.
1049 1453 1181 1501 Quam
1203 1453 1316 1499 bene,
1339 1452 1435 1489 nihil
1456 1453 1506 1490 ad

174 1534 265 1567 rem,
289 1521 359 1558 sed
380 1533 502 1569 genus
524 1518 721 1557 scribendi
748 1518 788 1556 id
810 1518 880 1555 fuit
908 1519 1017 1567 quod
1044 1531 1163 1556 nemo
1189 1517 1346 1555 abiecto
1372 1516 1506 1554 animo

172 1586 298 1622 facere
320 1591 463 1634 posset.
525 1583 703 1632 Triginta
732 1582 817 1621 dies
847 1582 886 1619 in
918 1582 1039 1620 hortis
1070 1582 1134 1620 fui.
1196 1582 1296 1630 Quis
1323 1589 1389 1619 aut
1417 1595 1507 1619 con-

172 1663 346 1699 gressum
369 1662 502 1686 meum
523 1656 589 1685 aut
611 1647 836 1685 facilitatem
859 1647 1051 1686 sermonis
1073 1647 1339 1685 desideravit?
1388 1648 1507 1683 Nunc

173 1714 303 1764 ipsum
338 1728 384 1752 ea
416 1716 513 1763 lego,
546 1727 592 1751 ea
621 1713 749 1751 scribo
780 1721 821 1750 ut
851 1712 875 1750 ii
907 1713 971 1762 qui
1005 1726 1159 1750 mecum
1191 1719 1281 1750 sunt
1311 1710 1506 1750 difficilius

175 1779 298 1819 otium
339 1780 463 1817 ferant
502 1792 620 1828 quam
661 1791 734 1828 ego
773 1779 958 1816 laborem.
1033 1777 1071 1815 Si
1111 1777 1199 1827 quis
1237 1776 1395 1826 requirit
1438 1790 1507 1814 cur

178 1847 329 1882 Romae
359 1858 439 1882 non
471 1843 568 1882 sim:
604 1843 696 1893 quia
726 1843 923 1881 discessus
953 1850 1035 1887 est3
1074 1856 1142 1880 cur
1173 1856 1252 1880 non
1287 1842 1359 1879 sim
1390 1841 1429 1878 in
1460 1841 1504 1878 iis

173 1909 269 1948 meis
291 1909 500 1959 praediolis
523 1922 624 1959 quae
646 1915 737 1946 sunt
757 1908 873 1945 huius
891 1907 1101 1956 temporis:
1133 1906 1225 1956 quia
1245 1906 1504 1956 frequentiam

172 1975 277 2012 illam
299 1989 378 2013 non
402 1975 514 2013 facile
541 1976 692 2012 ferrem.
755 1973 816 2011 Ibi
838 1986 924 2010 sum
953 1972 1068 2022 igitur
1094 1971 1162 2010 ubi
1183 1971 1214 2009 is
1242 1971 1308 2021 qui
1336 1971 1505 2021 optimas

174 2040 288 2078 Baias
323 2041 496 2078 habebat
529 2038 741 2089 quotannis
773 2039 849 2076 hoc
881 2045 1038 2086 tempus
1073 2050 1306 2075 consumere
1340 2036 1504 2074 solebat.

173 2106 277 2144 Cum
310 2107 480 2143 Romam
508 2117 664 2149 venero,
688 2116 760 2141 nec
788 2104 896 2139 vultu
922 2115 995 2140 nec
1023 2101 1200 2139 oratione
1229 2101 1501 2150 reprehendar.

1527 551 1544 583 5

1529 882 1566 904 10

1528 1533 1566 1553 20

1527 1853 1566 1885 25

175 2170 425 2208 Hilaritatem
449 2170 554 2207 illam
576 2182 653 2218 qua
674 2169 776 2205 hanc
801 2166 993 2204 tristitiam
1016 2173 1238 2216 temporum
1267 2165 1504 2202 condiebam
1523 2178 1565 2208 30

216 2285 237 2313 9
262 2274 365 2304 libros
382 2271 456 2313 πρὸς
474 2272 621 2302 zllzteckc:
647 2274 794 2301 TIBPOC
811 2268 870 2299 M:
895 2281 923 2299 τι
943 2268 1016 2309 πρὸς
1036 2268 1225 2309 ll'csenbetg
1337 2279 1372 2307 17
1399 2269 1503 2298 offen-

174 2319 310 2348 deretur
326 2318 425 2348 Rom.
552 2326 589 2346 21
618 2316 726 2346 hortis
744 2313 804 2344 M:
828 2314 926 2343 horto
946 2313 978 2343 C.
1000 2324 1030 2343 v.
1048 2325 1070 2343 c.
1090 2308 1134 2342 Zb
1260 2321 1299 2351 25
1325 2313 1387 2342 sim
1414 2312 1445 2341 in
1463 2312 1504 2342 iis

173 2361 257 2391 meis
274 2361 406 2391 Baifer:
436 2370 553 2390 sumus
570 2359 603 2389 in
621 2359 670 2389 eis
693 2356 746 2387 llll
766 2369 773 2388 ε
804 2357 866 2387 sim
884 2357 918 2386 in
936 2356 988 2387 his
1006 2357 1088 2387 meis
1105 2355 1162 2386 Μ2
1359 2366 1402 2394 3ο
1425 2366 1503 2386 con-

173 2406 306 2437 dicebam
328 2412 417 2446 [corr.
438 2415 477 2435 cx
493 2403 750 2440 condiebamus)
770 2401 809 2431 M
