1742 2651
591 139 703 175 EPP.
735 140 813 175 AD
845 139 1103 176 ATTICVM
1445 140 1514 176 IX.
1532 137 1579 176 Vi

238 248 451 296 Domitius,
478 256 517 286 ut
545 248 676 294 audio,
708 247 746 285 in
776 249 936 287 Cosano
965 255 1023 286 est
1053 254 1091 285 et
1121 247 1292 297 quidem,
1317 255 1359 286 ut
1387 248 1506 295 aiunt,
1530 259 1555 287 2

181 322 337 363 paratus
357 315 408 352 ad
435 313 713 363 navigandum,
735 313 765 350 si
796 313 835 350 in
864 312 1116 362 Hispaniam,
1136 327 1217 351 non
1242 314 1378 363 probo,
1402 313 1432 351 si
1459 315 1509 351 ad

183 380 375 425 Gnaeum,
417 380 560 425 laudo3
603 378 741 428 quovis
780 378 910 427 potius
949 385 1054 416 certe
1092 392 1211 427 quam
1252 386 1293 415 ut
1328 378 1508 417 Curtium

180 443 310 482 videat
349 458 467 493 quem
502 457 575 493 ego
608 451 795 492 patronus
825 442 1000 492 aspicere
1039 456 1119 480 non
1154 457 1327 492 possum.
1399 443 1507 491 Quid

142 523 159 553 5
179 509 306 546 alios?
380 510 469 555 Sed,
516 508 669 558 opinor,
714 507 974 557 quiescamuS,
1022 521 1071 545 ne
1124 516 1297 546 nostram
1351 510 1507 557 culpam

179 587 436 623 coarguamus
464 573 544 622 qui,
566 575 660 611 dum
682 573 833 619 urbem,
854 572 895 611 id
915 580 973 610 est
994 571 1169 622 patriam,
1192 586 1370 610 amamus
1398 575 1508 611 dum-

178 652 255 688 que
282 652 361 676 rem
393 646 675 677 conventuram
703 644 899 687 putamus,
921 637 974 676 ita
999 651 1072 676 nos
1098 637 1289 687 gessimus
1321 646 1361 675 ut
1391 640 1507 688 plane

178 703 375 741 interclusi
396 703 579 753 captique
600 702 731 740 simus.

232 768 383 818 Scripta
421 768 498 806 iam
539 768 705 818 epistula
744 769 882 818 Capua
920 768 1069 807 litterae
1108 776 1198 806 sunt
1236 770 1389 807 adlatae
1429 770 1548 816 hoc3

120 849 159 872 10
177 835 381 884 exemplo:
415 833 649 884 ‘Pompeius
674 847 779 871 mare
809 833 959 871 transiit
986 848 1076 871 cum
1106 833 1291 871 omnibus
1317 834 1504 873 militibus

177 913 277 949 quos
316 913 450 937 secum
490 899 636 937 habuit.
711 898 791 936 Hic
830 912 1016 937 numerus
1055 906 1113 937 est
1151 899 1358 936 hominum
1398 899 1505 938 milia

176 964 331 1014 triginta
370 972 408 1002 et
442 966 623 1002 consules
662 965 742 1002 duo
781 971 819 1002 et
858 963 1003 1001 tribuni
1035 966 1085 1014 pl.
1123 971 1159 1002 et
1199 972 1397 1002 senatores
1436 965 1503 1015 qui

175 1032 329 1068 fuerunt
352 1044 441 1068 cum
473 1044 520 1068 eo
547 1044 684 1067 omnes
712 1043 801 1067 cum
828 1029 1013 1067 uxoribus
1038 1037 1075 1067 et
1103 1029 1244 1068 liberis.
1305 1031 1504 1069 Conscen-

175 1096 279 1134 disse
318 1095 460 1133 dicitur
490 1109 522 1132 a.
556 1096 591 1132 d.
628 1107 689 1132 1111
727 1096 865 1133 Nonas
900 1094 1071 1132 Martias.
1134 1097 1192 1132 Ex
1224 1109 1270 1133 ea
1303 1095 1367 1133 die
1397 1097 1503 1134 fuere

118 1174 153 1205 15
174 1160 473 1210 septemtriones
493 1159 608 1198 venti.
669 1159 789 1197 Navis
819 1159 961 1209 quibus
988 1173 1081 1198 usus
1102 1174 1181 1197 non
1204 1168 1261 1198 est
1288 1160 1416 1198 omnis
1436 1169 1503 1199 aut

174 1225 409 1276 praecidisse
430 1233 496 1262 aut
517 1224 739 1263 incendisse
759 1224 922 1263 dicunt.'

229 1293 290 1329 De
318 1292 390 1328 hac
412 1305 450 1328 re
472 1290 620 1328 litterae
642 1292 684 1328 L.
710 1292 874 1328 Metello
896 1289 1053 1328 tribuno
1074 1292 1123 1339 pl.
1148 1292 1326 1340 Capuam
1347 1293 1501 1330 adlatae

173 1363 263 1394 sunt
301 1369 324 1393 a
359 1355 501 1395 Clodia
539 1369 651 1394 socru
690 1369 791 1405 quae
830 1354 914 1404 ipsa
948 1355 1107 1393 transiit.
1167 1358 1272 1394 Ante
1311 1356 1545 1396 sollicitus4

173 1435 278 1459 eram
317 1429 355 1459 et
393 1421 576 1470 angebar,
615 1420 715 1458 sicut
753 1434 812 1458 res
851 1420 999 1458 scilicet
1038 1420 1122 1470 ipsa
1160 1421 1335 1471 cogebat,
1378 1436 1500 1472 quom

113 1504 154 1525 20
172 1485 338 1524 consilio
381 1487 572 1536 explicare
611 1485 707 1523 nihil
745 1499 928 1535 possem3
975 1499 1081 1523 nunc
1118 1493 1250 1524 autem
1289 1495 1499 1537 postquam
1546 1492 1551 1495 ’

173 1551 385 1602 Pompeius
425 1558 463 1589 et
501 1552 682 1589 consules
716 1564 763 1589 ex
795 1550 908 1588 Italia
940 1550 1125 1598 exierunt,
1160 1566 1240 1591 non
1275 1566 1396 1602 angor
1429 1555 1499 1592 sed

169 1618 289 1655 ardeo
310 1618 456 1664 dolore,
841 1661 926 1700 οὐδέ
951 1679 1015 1711 μοι
1037 1661 1127 1711 ἦτορ

279 1728 436 1777 ἔμπεδον
466 1725 555 1765 ἀλλ’
586 1728 856 1776 ἀλαλύκτημαι.

113 1830 151 1862 ²5
173 1816 265 1853 Non
287 1828 387 1861 sum,
403 1815 576 1865 inquam,
595 1815 691 1853 mihi
712 1816 841 1862 crede,
856 1815 997 1853 mentis
1014 1828 1204 1865 compos3
1230 1823 1381 1854 tantum
1403 1817 1499 1856 mihi

170 1879 375 1918 dedecoris
421 1879 626 1918 admisisse
671 1879 815 1918 videor.
896 1882 1016 1918 Mene
1067 1893 1146 1918 non
1192 1880 1361 1930 primum
1407 1896 1497 1920 cum

170 1944 362 1994 Pompeio
392 1944 669 1994 qualicumque
693 1944 858 1983 consilio
885 1959 978 1983 usus
1004 1951 1067 1992 ess,
1090 1945 1235 1983 deinde
1262 1960 1351 1984 cum
1382 1947 1497 1986 bonis

169 2023 254 2047 esse
275 2009 452 2059 quamvls
474 2023 591 2047 causa
611 2018 756 2048 temere
784 2003 990 2048 instituta?
1018 2010 1244 2060 praesertim
1265 2025 1355 2048 cum
1378 2011 1403 2048 ii
1424 2011 1496 2061 ipsi

169 2088 337 2123 quorum
359 2088 431 2124 ego
447 2088 564 2112 causa
584 2074 758 2113 timidius
779 2088 842 2112 me
863 2076 1041 2113 fortunae
1062 2075 1370 2123 committebam,
1387 2091 1492 2123 uxor,

110 2155 152 2185 30
169 2139 257 2185 filia,
282 2139 494 2179 Cicerones
523 2139 632 2188 pueri
662 2153 725 2177 me
754 2139 850 2177 illud
881 2139 991 2188 sequi
1013 2141 1186 2186 mallent,
1214 2141 1290 2178 hoc
1320 2148 1431 2191 turpe
1457 2150 1496 2180 et

169 2218 232 2243 me
253 2204 457 2254 indignum
479 2211 670 2253 putarent.
730 2205 833 2241 Nam
857 2203 1029 2252 Quintus
1056 2204 1217 2253 quidem
1247 2207 1362 2244 frater
1391 2206 1496 2256 quic-

211 2309 231 2338 8
256 2308 359 2338 simus
377 2311 449 2338 velt.
468 2319 473 2338 :
499 2317 638 2337 suumus
655 2307 707 2336 M¹
804 2318 851 2346 19.
869 2318 910 2337 20
933 2318 1033 2346 quom
1052 2332 1057 2338 .
1076 2332 1082 2339 .
1103 2333 1108 2339 .
1127 2319 1261 2347 possem
1283 2309 1331 2339 C:
1355 2321 1420 2340 om.
1436 2321 1493 2340 ex-

168 2351 294 2391 plicare
311 2351 395 2380 nihil
413 2350 466 2380 Ml
483 2362 489 2380 :
513 2361 579 2388 quo
597 2351 643 2380 uti
662 2351 801 2381 consilio
820 2361 954 2390 possem
973 2351 1027 2380 M²
1046 2362 1151 2391 mmg.
1275 2363 1315 2391 27
1341 2363 1421 2383 usus
1442 2358 1493 2384 est

172 2393 377 2435 l‘l'esenberg:
404 2404 483 2425 usus
500 2393 560 2423 M:
587 2404 666 2424 usus
683 2395 726 2424 sit
743 2393 772 2423 L
792 2405 928 2436 (ηανξ.)
946 2406 951 2423 ;
978 2405 1038 2426 1150
1056 2395 1149 2426 Man.
