1742 2651
148 541 164 571 5

131 871 167 892 10

130 1520 169 1541 20

129 2167 169 2197 30

603 92 714 130 EPP.
747 93 824 129 AD
855 92 1113 130 ATTICVM
1404 89 1515 126 XVI.
1538 88 1614 124 viii

228 221 344 257 VIII
431 223 500 256 Ser.
520 225 554 254 z'n
571 225 751 255 Puteolano
768 224 799 255 iv
814 223 901 255 Non.
919 223 1002 254 Nov.
1022 234 1051 254 a.
1076 233 1132 262 710
1151 221 1241 264 (44).

599 313 770 344 CICERO
793 313 971 344 ATTICO
994 312 1100 343 SAL.

240 404 344 442 Cum
374 402 494 441 sciam
524 416 604 452 quo
625 402 689 440 die
710 410 895 440 venturus
925 402 1009 448 sim,
1032 401 1173 439 faciam
1201 408 1242 439 ut
1272 399 1381 438 scias.
1438 401 1514 437 Im·
1534 410 1550 437 1

186 467 413 517 pedimenta
451 468 715 516 exspectanda
758 474 848 505 sunt
890 480 992 516 quae
1040 465 1221 515 Anagnia
1268 465 1430 503 veniunt
1478 472 1516 501 et

186 532 331 570 familia
350 545 464 581 aegra
485 539 552 569 est.
614 534 702 569 Kal.
726 531 875 581 vesperi
906 531 1055 569 litterae
1080 530 1175 568 mihi
1202 531 1252 568 ab
1284 529 1513 568 Octaviano.

187 598 334 646 Magna
368 596 536 634 molitur.
596 598 814 635 Veteranos
849 596 916 646 qui
947 602 1039 633 sunt
1071 595 1233 634 Casilini
1269 602 1306 633 et
1341 594 1516 633 Calatiae

185 662 365 711 perduxit
403 663 454 699 ad
493 675 604 700 suam
643 661 890 699 sententiam.
968 662 1054 698 Nec
1103 660 1255 706 mirum,
1296 659 1516 709 quingenos

185 726 367 764 denarios
388 727 465 764 dat.
526 725 683 775 Cogitat
710 725 878 775 reliquas
908 725 1082 763 colonias
1110 724 1229 763 obire.
1290 725 1411 762 Plane
1440 725 1517 762 hoc

186 798 335 839 spectat
368 798 409 828 ut
439 804 479 828 se
509 791 611 829 duce
645 791 792 828 bellum
822 797 975 840 geratur
1005 803 1095 828 cum
1127 789 1314 828 Antonio.
1376 791 1517 838 Itaque

186 854 302 893 video
340 855 475 904 paucis
514 855 654 893 diebus
693 868 765 893 nos
804 855 843 892 in
882 854 998 893 armis
1037 856 1129 893 sore.
1209 855 1340 902 Quem
1383 862 1515 892 autem

185 922 426 969 sequamur?
499 919 602 958 Vide
641 933 798 967 nomen,
839 919 929 958 vide
966 927 1145 958 aetatem.
1222 922 1355 969 Atque
1393 933 1416 957 a
1454 932 1517 957 me

185 985 357 1033 postulat
386 983 555 1033 primum
585 991 627 1022 ut
657 985 758 1022 clam
788 986 1050 1034 conloquatur
1079 997 1235 1022 mecum
1265 985 1325 1022 vel
1356 984 1518 1033 Capuae

185 1051 246 1087 vel
276 1063 355 1088 non
386 1051 502 1099 longe
530 1063 553 1087 a
583 1050 729 1099 Capua.
791 1049 943 1088 Puerile
973 1051 1049 1088 hoc
1079 1049 1251 1100 quidem,
1275 1049 1306 1087 si
1336 1049 1375 1088 id
1406 1056 1516 1099 putat

185 1116 287 1152 clam
316 1114 397 1152 fieri
426 1128 553 1164 posse.
615 1114 744 1152 Docui
775 1128 843 1163 per
871 1114 1016 1152 litteras
1037 1114 1077 1152 id
1107 1128 1180 1152 nec
1207 1127 1306 1163 opus
1334 1127 1418 1152 esse
1443 1127 1516 1151 nec

187 1179 267 1217 fieri
288 1192 413 1229 posse.
474 1178 583 1217 Misit
604 1179 654 1216 ad
676 1192 738 1217 me
760 1178 972 1218 Caecinam
994 1180 1193 1229 quendam
1214 1180 1514 1216 Volaterranum
1535 1189 1558 1216 2

186 1245 414 1282 familiarem
435 1258 550 1282 suum
568 1259 578 1292 ς
607 1243 674 1294 qui
695 1245 792 1282 haec
812 1244 980 1294 pertulit,
1005 1244 1224 1283 Antonium
1251 1258 1341 1282 cum
1363 1243 1516 1293 legione

186 1311 429 1348 Alaudarum
467 1310 519 1347 ad
560 1310 698 1348 urbem
744 1322 913 1359 pergere,
955 1310 1142 1359 pecunias
1188 1309 1411 1358 municipiis
1450 1308 1518 1346 im-

186 1389 331 1426 perare,
364 1375 560 1425 legionem
599 1375 672 1413 sub
712 1374 831 1424 signis
869 1376 1024 1413 ducere.
1084 1375 1345 1414 Consultabat
1387 1381 1517 1411 utrum

188 1442 359 1478 Romam
397 1453 487 1478 cum
519 1451 585 1477 013
617 1451 683 1478 013
714 1451 780 1477 013
810 1447 1084 1478 veteranorum
1119 1439 1430 1489 proficisceretur
1467 1452 1517 1476 an

188 1506 367 1555 Capuam
389 1512 538 1543 teneret
559 1512 597 1543 et
625 1504 846 1543 Antonium
876 1505 1100 1543 venientem
1127 1506 1351 1543 excluderet
1377 1518 1427 1542 an
1448 1503 1518 1542 iret

186 1571 237 1609 ad
269 1570 334 1608 tris
368 1570 542 1620 legiones
584 1569 865 1608 Macedonicas
904 1583 1005 1620 quae
1044 1569 1115 1609 iter
1153 1571 1372 1608 secundum
1412 1583 1518 1607 mare

186 1648 371 1685 superum
399 1635 575 1681 faciunt3
608 1648 706 1684 quas
737 1642 864 1684 sperat
893 1648 981 1673 suas
1009 1648 1104 1673 esse.
1166 1637 1247 1673 Eae
1276 1633 1518 1684 congiarium

185 1700 236 1738 ab
271 1699 449 1738 Antonio
481 1699 660 1749 accipere
694 1701 914 1746 noluerunt,
946 1707 988 1737 ut
1022 1699 1086 1737 hie
1117 1698 1278 1749 quidem
1311 1706 1449 1746 narrat,
1481 1706 1519 1737 et

187 1764 223 1803 ei
252 1764 475 1803 convicium
504 1777 619 1814 grave
650 1765 825 1802 fecerunt
857 1763 1235 1814 contionantemque
1266 1764 1515 1814 reliquerunt.

151 1830 299 1879 JQuid
337 1829 520 1880 quaeris?
566 1830 710 1867 ducem
749 1843 790 1867 se
828 1830 1031 1879 profitetur
1069 1842 1142 1867 nec
1181 1843 1253 1867 nos
1296 1829 1369 1867 sibi
1408 1836 1519 1879 putat

187 1897 326 1934 deesse
373 1902 563 1944 oportere.
643 1893 841 1944 Equidem
886 1894 989 1932 suasi
1037 1902 1079 1932 ut
1119 1896 1290 1932 Romam
1330 1901 1515 1944 pergeret.

186 1960 354 1999 Videtur
384 1959 490 1998 enim
525 1958 621 1996 mihi
653 1966 691 1997 et
728 1959 987 2009 plebeculamv
1016 1960 1206 1997 urbanam
1245 1967 1294 2006 et,
1328 1959 1358 1997 si
1398 1960 1518 1997 fidem

187 2025 330 2072 fecerit,
355 2024 472 2063 etiam
503 2024 629 2062 bonos
659 2023 761 2062 viros
792 2037 925 2062 secum
957 2024 1170 2062 habiturus.
1231 2025 1266 2063 O
1299 2026 1428 2070 Brute,
1451 2023 1519 2062 ubi

187 2092 257 2128 es?
297 2097 484 2140 quantam
517 2089 699 2138 εὐκαιρίαν
726 2088 898 2126 amittis!
956 2090 1049 2127 Non
1088 2089 1273 2139 equidem
1313 2091 1389 2128 hoc
1427 2089 1520 2127 divi-

188 2155 276 2193 navi
311 2156 380 2194 sed
414 2154 563 2204 aliquid
598 2156 674 2193 tale
707 2153 840 2203 putavi
869 2155 961 2192 fore.
1021 2155 1139 2192 Nunc
1170 2162 1280 2192 tuum
1311 2154 1518 2192 consilium

188 2219 359 2270 exquiro.
438 2221 661 2258 Romamne
698 2218 815 2257 venio
852 2232 903 2256 an
948 2217 1012 2257 hie
1051 2232 1193 2258 maneo
1231 2233 1280 2257 an
1326 2219 1519 2269 Arpinum

230 2322 253 2351 6
275 2321 330 2360 qui
346 2326 424 2352 sunt
446 2320 565 2350 Klotz:
589 2320 704 2359 quiqui
722 2319 782 2349 M:
798 2320 877 2359 fort.
897 2320 952 2360 qui
969 2321 1106 2359 quidem
1199 2332 1237 2360 13
1260 2321 1313 2351 vel
1332 2332 1398 2352 non
1418 2323 1520 2361 longe

189 2375 209 2395 a
231 2365 348 2405 Capua
370 2375 400 2395 v.
416 2375 440 2395 c.
468 2363 496 2393 L
514 2365 658 2404 (marg.)
686 2357 735 2392 Zb
754 2363 842 2394 Crat.
864 2376 870 2394 :
893 2374 958 2394 om.
991 2368 1046 2394 ΣΔ
1182 2366 1220 2395 18
1244 2365 1304 2395 sub
1330 2360 1373 2394 Zb
1399 2364 1493 2397 Man.
1513 2378 1520 2397 :

190 2409 261 2439 suis
280 2408 321 2438 M
421 2417 459 2448 31
486 2408 620 2438 veniam
639 2431 668 2438 ..
688 2431 695 2438 .
715 2417 867 2437 maneam
890 2405 1080 2448 Wesenberg
