1742 2651
44 94 164 131 XIII.
189 95 265 130 xix
560 97 614 132 M.
647 96 814 132 TVLLI
847 95 1152 133 CICERONIS

192 204 244 241 illi
280 206 329 243 de
362 204 406 242 115
441 205 657 243 somniasse
687 220 874 255 umquam
904 205 1136 244 viderentur.
1198 207 1337 254 Itaque
1371 212 1413 242 ut
1446 204 1519 254 legi

191 277 276 307 tuas
310 271 360 308 de
390 273 577 317 Varrone,
614 279 815 320 tamquam
854 272 1002 321 ἕρμαιον
1038 270 1200 320 adripui.
1260 269 1402 319 Aptius
1436 283 1521 307 esse

190 335 285 372 nihil
307 335 433 384 potuit
454 337 503 373 ad
532 335 571 374 id
599 335 871 385 philosophiae
897 350 1019 386 genus
1039 349 1119 385 quo
1146 335 1209 373 ille
1236 334 1405 372 maxime
1425 334 1520 371 mihi

190 399 375 437 delectari
395 400 557 447 videtur,
582 404 774 449 †easque†
795 400 913 450 partis
942 408 984 438 ut
1007 414 1088 439 non
1120 400 1193 438 sim
1217 406 1452 438 consecutus
1478 406 1520 436 ut

190 464 365 514 superior
385 478 474 502 mea
493 478 611 502 causa
630 465 817 502 videatur.
869 467 967 503 Sunt
987 465 1093 503 enim
1113 466 1367 502 vehementer
1385 464 1521 501 πιθανὰ

189 529 428 571 Antiochia:
458 543 559 579 quae
588 529 794 579 diligenter
822 544 844 568 a
874 544 937 568 me
967 543 1147 579 expressa
1175 543 1342 567 acumen
1373 529 1520 566 habent

189 594 388 641 Antiochi,
412 594 578 632 nitorem
607 594 793 632 orationis
820 603 1008 641 nostrum,
1031 594 1062 632 si
1087 595 1208 632 modo
1233 594 1264 631 is
1294 602 1351 632 est
1380 594 1520 642 aliquis

189 658 228 695 in
269 659 393 696 nobis.
472 660 550 697 Sed
589 667 630 697 tu
673 660 879 698 dandosne
924 667 1037 709 putes
1079 660 1151 696 hos
1197 658 1315 696 libros
1355 659 1520 697 Varroni

187 725 301 761 etiam
322 732 440 773 atque
467 724 585 762 etiam
606 724 767 763 videbis.
830 724 931 762 Mihi
961 725 1156 774 quaedam
1181 732 1389 762 occurrunt
1407 738 1416 771 3
1451 725 1520 762 sed

187 802 235 828 ea
255 803 398 827 coram.

233 890 318 924 XX
399 893 467 924 Ser.
485 895 519 925 in
536 895 700 935 Arpinati
712 896 746 925 vi
759 899 816 925 aul
834 906 851 925 υ
867 894 953 926 Non.
973 894 1085 934 Quint.
1104 905 1132 926 α,
1155 904 1212 933 709
1231 894 1312 935 (45).

598 972 769 1003 CICERO
800 971 979 1002 ATTICO
1009 971 1114 1003 SAL.

156 1064 174 1091 1
245 1051 281 1086 A
304 1050 471 1087 Caesare
501 1049 646 1088 litteras
676 1050 811 1100 accepi
841 1049 1122 1087 consolatorias
1142 1050 1253 1087 datas
1283 1048 1407 1099 pridie
1430 1050 1518 1087 Kal.

194 1114 320 1152 Maias
356 1114 522 1164 Hispali.
585 1117 646 1152 De
677 1116 772 1153 urbe
803 1116 984 1164 augenda
1015 1114 1111 1163 quid
1149 1114 1197 1151 sit
1230 1116 1520 1163 promulgatum

189 1193 270 1216 non
292 1179 473 1218 intellexi.
535 1182 582 1218 Id
604 1180 700 1218 scire
722 1194 815 1218 sane
835 1180 962 1218 velim.
1017 1181 1221 1228 Torquato
1241 1187 1373 1216 nostra
1393 1178 1520 1216 officia

148 1252 296 1293 2grata
329 1258 413 1282 esse
448 1244 559 1282 facile
599 1245 724 1294 patior
762 1258 887 1294 eaque
920 1257 1062 1293 augere
1094 1257 1172 1281 non
1208 1243 1395 1281 desinam.
1456 1245 1520 1281 Ad

191 1309 436 1358 Ligarianam
465 1311 514 1347 de
542 1324 661 1347 uxore
681 1309 905 1348 Tuberonis
935 1317 972 1347 et
1002 1308 1177 1359 privigna
1204 1322 1333 1358 neque
1359 1322 1519 1358 possum

190 1373 266 1411 iam
295 1376 442 1413 addere
473 1376 547 1423 (est
577 1375 682 1413 enim
718 1375 957 1424 pervulgata)
989 1388 1117 1423 neque
1147 1374 1401 1412 Tuberonem
1432 1376 1522 1412 volo

189 1441 412 1481 offendere:
453 1440 614 1478 mirifice
644 1448 701 1478 est
728 1440 833 1478 enim
864 1441 1059 1488 φιλαίτιος.
1119 1440 1334 1476 Theatrum
1360 1439 1521 1488 quidem

146 1516 170 1554 3
190 1518 283 1542 sane
305 1505 450 1542 bellum
473 1505 654 1543 habuisti.
701 1507 785 1554 Ego
806 1504 877 1542 etsi
899 1506 974 1542 hoc
999 1506 1087 1541 loco
1109 1503 1291 1542 facillime
1312 1511 1518 1550 sustentor,
1545 1520 1556 1539 2

189 1578 321 1608 tamen
353 1579 391 1608 te
422 1570 553 1608 videre
585 1570 711 1620 cupio.
779 1573 918 1619 Itaque
954 1578 993 1608 ut
1028 1569 1213 1607 constitui
1245 1570 1374 1607 adero.
1435 1570 1522 1606 Fra-

188 1643 286 1673 trem
314 1637 433 1673 credo
460 1649 482 1673 a
509 1643 546 1673 te
576 1649 661 1674 0550
691 1643 942 1673 conventum.
1003 1635 1108 1673 Scire
1129 1634 1243 1684 igitur
1263 1635 1404 1672 studeo
1425 1633 1521 1683 quid

188 1700 321 1750 egeris.

142 1774 169 1811 4
245 1768 305 1803 De
335 1767 438 1803 fama
468 1766 564 1803 nihil
594 1779 688 1804 sane
717 1766 880 1807 laboro:
920 1766 991 1804 etsi
1022 1766 1251 1816 scripseram
1281 1767 1331 1803 ad
1362 1773 1399 1803 te
1427 1772 1521 1802 tunc

189 1832 305 1868 stulte
330 1830 446 1868 ‘nihil
468 1830 654 1877 melius'3
688 1833 907 1869 curandum
936 1831 1041 1869 enirn
1062 1845 1142 1869 non
1164 1839 1232 1869 est.
1293 1833 1424 1879 Atque
1445 1831 1521 1867 hoc
1544 1844 1557 1864 2

191 1895 254 1932 ‘in
282 1895 390 1933 omni
417 1895 495 1933 vita
524 1909 595 1933 sua
623 1909 822 1945 quemque
852 1910 874 1934 a
903 1904 1008 1934 recta
1037 1895 1279 1934 conscientia
1307 1903 1520 1933 traversum

189 1973 359 2009 unguem
395 1974 475 1998 non
514 1969 668 2011 oportet
707 1961 933 1999 discedere'
965 1961 1082 1999 viden
1117 1974 1236 2010 quarn
1271 1961 1522 2008 φιλοσόφωςΡ

190 2027 252 2062 Α11
293 2033 332 2062 111
373 2039 444 2063 nos
482 2027 621 2063 frustra
659 2025 856 2064 existimas
895 2027 991 2063 haec
1038 2026 1076 2063 in
1126 2025 1306 2063 manibus
1345 2026 1521 2064 habere?

233 2140 251 2167 4
278 2139 435 2168 measque
469 2131 572 2169 partis
600 2130 744 2160 Rosius:
783 2140 911 2169 eaeque
944 2134 1021 2160 sunt
1056 2135 1169 2169 partes
1196 2130 1275 2160 coni.
1309 2129 1409 2160 Reid:
1446 2133 1522 2170 post

189 2172 293 2212 partis
326 2173 472 2203 excidisse
505 2184 569 2212 ego
604 2174 684 2203 mihi
721 2174 849 2212 sumpsi
881 2173 931 2204 vel
960 2174 1064 2203 simile
1097 2173 1179 2212 qnid
1205 2176 1304 2213 putat
1334 2173 1523 2213 lVesenberg

189 2227 210 2255 9
234 2217 335 2246 etiam
351 2216 426 2248 add.
441 2221 509 2247 velt.
662 2227 699 2256 15
723 2218 809 2247 scire
827 2227 908 2247 sane
926 2228 953 2247 zv.
974 2229 996 2248 ιζ.
1016 2216 1044 2245 L
1065 2218 1202 2256 syntag.)
1220 2216 1287 2246 RP
1302 2216 1388 2247 Crat.
1405 2229 1410 2247 :
1436 2228 1520 2247 sane

189 2260 276 2289 scire
295 2265 322 2290 Δ
468 2262 507 2290 16
531 2261 571 2290 ad
603 2260 815 2300 Ligarianam
842 2260 970 2290 ORPC
990 2271 1020 2291 v.
1045 2271 1068 2291 c.
1094 2260 1122 2289 L
1147 2254 1371 2299 (711ngth
1407 2271 1471 2290 om.
1493 2266 1520 2290 Δ

192 2303 276 2334 Cral.
424 2314 461 2341 19
485 2304 660 2334 offendere
686 2304 834 2334 Ernesti:
873 2304 1057 2334 defendere
1083 2303 1123 2332 M
1262 2314 1303 2333 ‘20
1328 2303 1519 2334 habuissem

189 2349 267 2377 coni.
287 2347 368 2376 Boot
502 2358 541 2385 25
567 2348 669 2386 Atqui
687 2348 808 2377 Rosius

1543 803 1581 824 10

1542 1194 1578 1225 15
