1742 2651
607 143 718 179 EPP.
751 144 828 180 AD
858 145 1118 182 ATTICVM
1481 149 1549 185 IX.
1570 147 1677 188 xviii

198 249 353 300 inquies
376 255 528 290 ‘actum
544 267 593 291 ne
608 254 724 302 agas.'
768 253 897 291 Etiam
912 254 1021 292 illum
1043 255 1171 304 ipsum
1189 270 1306 305 quem
1329 257 1529 306 sequimur

197 317 320 354 multa
340 318 569 355 fefellerunt.

252 382 330 419 Sed
360 395 432 431 ego
463 390 548 420 tuas
578 383 723 421 litteras
758 392 952 433 exspecto.
1014 384 1123 422 Nihil
1153 393 1211 423 est
1241 386 1346 424 enim
1377 386 1453 424 iam
1485 395 1526 425 ut
1545 393 1572 431 4

197 453 312 483 antea
336 446 575 485 ‘Videamus
596 449 672 485 hoc
693 461 881 497 quorsum
903 450 1067 487 evadat)
1127 452 1356 489 Extremum
1382 452 1452 490 fuit
1477 454 1527 491 de

160 525 177 557 5
197 525 408 561 congressu
431 520 588 560 nostrog
619 526 699 562 quo
715 513 877 562 quidem
898 528 978 552 non
996 515 1136 553 dubito
1153 515 1249 565 quin
1270 516 1386 554 istum
1409 519 1528 555 offen-

196 575 332 615 derim.
393 578 454 615 Eo
483 579 670 615 maturius
699 580 897 627 agendum
929 587 997 617 est.
1057 581 1216 618 Amabo
1244 588 1290 626 te,
1319 581 1527 631 epistulam

196 649 235 680 et
254 643 450 692 πολιτικήν
467 645 474 681 2
532 645 660 682 Valde
680 651 766 682 tuas
786 643 932 683 litteras
953 659 1060 683 nunc
1080 654 1276 696 exspecto.

239 787 350 822 XIX
508 792 575 825 Ser.
597 793 813 834 A2p1'1n'przd.
832 794 876 826 K.
896 794 980 835 Apr.
1000 806 1030 826 a.
1051 805 1105 835 705
1123 796 1213 838 (49).

611 882 784 913 CICERO
806 883 986 914 ATTICO
1008 883 1115 915 SAL.

137 974 177 997 10
251 961 337 1010 Ego
358 974 448 999 meo
466 960 658 1008 Ciceroni,
680 961 868 1011 quoniam
892 963 1021 1000 Roma
1042 976 1229 1011 caremus⁷
1250 963 1389 1014 Arpini
1410 965 1527 1015 potis·
1547 977 1564 1004 1

195 1023 339 1062 simum
370 1033 500 1075 togam
532 1039 669 1075 puram
700 1026 803 1073 dedi,
834 1026 953 1076 idque
984 1027 1250 1077 municipibus
1283 1029 1424 1067 nostris
1454 1030 1525 1069 fuit

193 1096 356 1138 gratum.
418 1090 502 1128 Etsi
534 1090 662 1128 omnis
684 1098 721 1128 et
742 1091 828 1129 illos
859 1100 896 1129 et
917 1105 994 1141 qua
1022 1092 1093 1130 iter
1116 1092 1190 1131 feci
1218 1102 1388 1132 maestos
1417 1095 1526 1133 adfli-

194 1162 359 1204 ctosque
375 1155 464 1193 vidi.
516 1157 616 1193 Tam
639 1155 756 1194 tristis
777 1164 814 1194 et
836 1164 915 1194 tam
935 1164 1045 1195 atrox
1065 1166 1123 1195 est
1140 1159 1388 1208 ἀναθεώρησις
1408 1160 1524 1198 huius

195 1219 364 1270 ingentis
394 1220 497 1258 mali.
559 1220 736 1258 Dilectus
764 1222 968 1268 habentur,
999 1221 1038 1259 in
1068 1222 1233 1261 hiberna
1262 1225 1522 1264 deducuntur.

138 1298 176 1332 15
198 1287 257 1323 Ea
283 1299 384 1336 quae
411 1286 529 1324 etiam
561 1299 650 1324 cum
672 1300 695 1324 a
716 1286 831 1324 honis
858 1286 957 1333 viris,
981 1301 1071 1325 cum
1100 1288 1201 1326 iusto
1229 1289 1268 1326 in
1296 1290 1410 1336 bello,
1435 1304 1524 1328 cum

196 1353 375 1390 modeste
397 1353 506 1398 fiunt,
529 1359 661 1390 tamen
683 1351 766 1401 ipsa
787 1365 856 1401 per
877 1366 918 1390 se
939 1354 1103 1391 molesta
1124 1362 1225 1401 sunt,
1249 1368 1367 1404 quam
1389 1369 1526 1394 censes

191 1417 333 1455 acerba
354 1431 460 1455 nunc
481 1430 576 1464 esse,
601 1430 691 1455 cum
712 1430 735 1454 a
756 1416 918 1466 perditis
939 1417 978 1454 in
1001 1417 1103 1455 civili
1124 1419 1272 1457 nefario
1294 1420 1397 1458 bello
1418 1428 1526 1470 petu-

192 1482 408 1521 lantissime
436 1484 554 1520 fiant!
613 1483 719 1521 Cave
746 1491 879 1521 autem
908 1491 1022 1533 putes
1049 1497 1290 1533 quemquam
1321 1485 1524 1524 hominem

193 1546 233 1584 in
257 1549 369 1586 Italia
390 1557 543 1599 turpem
565 1562 650 1587 esse
671 1549 738 1598 qui
760 1548 852 1586 hinc
873 1549 984 1586 absit.
1036 1548 1129 1586 Vidi
1151 1548 1234 1599 ipse
1256 1550 1421 1588 Formiis
1442 1551 1524 1589 uni-

135 1627 176 1650 20
194 1627 325 1652 versos
347 1629 476 1665 neque
498 1629 561 1653 me
577 1616 735 1653 hercule
758 1627 946 1664 umquam
969 1614 1151 1652 homines
1173 1615 1316 1664 putavi,
1333 1623 1370 1653 et
1387 1630 1522 1654 noram

193 1680 321 1717 omnis
343 1682 411 1719 sed
433 1695 651 1731 numquam
673 1694 753 1719 uno
775 1682 863 1718 loco
884 1679 1067 1717 videram.

246 1748 457 1797 Pergamus
479 1747 593 1797 igitur
613 1762 693 1797 quo
715 1749 843 1797 placet
866 1754 903 1785 et
925 1754 1057 1784 nostra
1082 1745 1213 1784 omnia
1242 1745 1517 1796 relinquamus,
1540 1760 1565 1788 2

190 1812 482 1860 proficiscamur
502 1815 552 1852 ad
574 1827 664 1852 eum
687 1813 749 1851 cui
771 1813 913 1863 gratior
935 1820 1067 1850 noster
1091 1812 1284 1849 adventus
1312 1811 1382 1849 erit
1403 1825 1521 1861 quam

189 1875 221 1913 si
242 1891 320 1915 una
340 1878 558 1916 fuissemus.
619 1880 723 1916 Tum
746 1878 850 1916 enim
881 1890 1035 1915 eramus
1057 1876 1096 1914 in
1119 1876 1287 1914 maxima
1314 1890 1393 1926 spe,
1417 1891 1523 1915 nunc

132 1954 168 1985 25
190 1955 263 1991 ego
284 1943 445 1992 quidem
468 1943 506 1981 in
529 1945 658 1989 nulla;
689 1958 762 1982 nec
784 1951 935 1993 praeter
956 1957 1020 1981 me
1043 1942 1250 1992 quisquam
1274 1941 1387 1980 Italia
1407 1942 1523 1980 cessit

190 2007 263 2045 nisi
288 2008 354 2058 qui
383 2011 488 2047 hunc
516 2008 719 2047 inimicum
748 2008 821 2047 sibi
850 2006 1013 2058 putaret.
1077 2010 1162 2046 Nec
1184 2021 1246 2045 me
1268 2008 1425 2045 hercule
1446 2008 1522 2046 hoc

188 2072 290 2111 facio
310 2074 362 2112 rei
385 2073 566 2123 publicae
587 2087 704 2111 causa
725 2088 843 2123 quam
867 2074 1043 2111 funditus
1066 2074 1235 2111 deletam
1258 2080 1364 2122 puto,
1381 2074 1450 2110 sed
1472 2086 1521 2111 ne

188 2137 276 2186 quis
306 2152 369 2176 me
398 2146 508 2188 putet
539 2138 731 2187 ingratum
762 2138 801 2175 in
830 2152 919 2176 eum
943 2138 1006 2187 qui
1040 2152 1102 2176 mc
1131 2138 1271 2175 levavit
1301 2137 1346 2175 iis
1374 2137 1521 2175 incom-

231 2255 249 2281 4
274 2248 382 2274 antea.
413 2243 616 2273 ‘Videamus
633 2243 696 2272 hoc
710 2253 868 2281 quorsum
888 2243 1009 2273 evadat
1022 2244 1028 2253 '
1043 2247 1242 2280 extremum,
1257 2244 1301 2273 ita
1320 2243 1522 2283 inletpmzxit

186 2286 387 2326 Frederking
494 2296 651 2325 quorsum
673 2285 881 2316 O²RPM231
911 2297 1043 2316 cursum
1060 2285 1116 2316 ΜῙ
1273 2297 1292 2326 5
1316 2287 1518 2317 offenderim

188 2329 280 2360 M²s:
305 2340 411 2360 -erem
432 2328 582 2359 ORPM¹
729 2340 765 2369 17
791 2341 809 2360 a
827 2330 968 2369 perditis
987 2330 1115 2361 civibus
1132 2329 1164 2360 in
1185 2331 1313 2361 nefario
1332 2331 1419 2360 bello
1437 2330 1516 2360 coni.

192 2372 380 2414 IVeserzbetg
457 2373 540 2412 fort.
561 2377 588 2402 et
603 2373 654 2403 ln'c
666 2377 695 2403 et
709 2375 777 2404 viii.
801 2384 836 2404 11
857 2383 878 2403 D
896 2375 916 2403 6
935 2373 1020 2403 civili
1038 2373 1267 2404 secludendmn
1479 2384 1520 2404 20

189 2427 346 2456 umquam
364 2421 412 2447 tot
429 2417 585 2447 homines
602 2417 680 2447 com'.
703 2416 789 2446 Reid
889 2428 929 2455 24
956 2417 1134 2448 fuissemus
1151 2418 1191 2448 Μ
1204 2419 1291 2457 vulg.
1310 2431 1316 2448 ε
1343 2418 1519 2448 ivissemus

189 2461 268 2491 coni.
290 2461 410 2491 Lamb.
428 2472 435 2490 :
460 2461 661 2498 fugissemus
682 2459 865 2490 Gronovius
