1742 2651
583 105 694 141 EPP.
727 105 804 140 AD
835 102 1094 141 ATTICVM
1413 98 1571 135 XV1.x

175 229 335 257 curam:
383 229 523 265 magna
560 215 665 252 enim
705 228 764 252 res
803 221 870 252 est.
930 212 1022 250 Tria
1061 219 1152 249 sunt
1190 218 1332 255 autem,
1376 222 1505 246 mane-

174 295 292 318 amne
331 280 469 329 Arpini
507 295 556 318 an
596 279 755 330 propius
793 280 980 317 accedam
1018 291 1066 315 an
1115 276 1270 315 veniam
1319 277 1500 313 Romam.

176 346 297 393 Quod
332 345 528 383 censueris
564 345 714 383 faciam.
775 344 852 381 Sed
887 356 1003 392 quam
1037 341 1217 391 primum.
1278 339 1406 378 Avide
1445 353 1506 377 ex-

175 418 312 458 specto
334 418 418 458 tuas
438 410 594 448 litteras.
654 422 693 447 vl
717 410 813 447 Idus
834 421 950 446 mane
970 422 991 446 e
1012 407 1263 445 Sinuessano.

137 561 154 592 5
218 555 284 589 XI
448 559 516 590 Srr.
538 559 572 590 in
586 557 766 590 Patsolano
783 556 868 588 Non.
888 557 970 587 Nov.
990 567 1019 587 a.
1042 565 1100 597 710
1120 555 1207 597 (44).

586 645 759 676 CICERO
782 644 963 675 ATTICO
986 644 1094 675 SAL.

231 736 358 774 Nonis
387 735 521 786 accepi
552 749 574 774 a
608 743 646 774 te
675 737 772 773 duas
803 734 987 784 epistulas
1022 746 1187 783 quarum
1217 733 1379 769 alteram
1415 731 1503 768 Kal.
1527 739 1544 765 1

175 803 354 847 dederas,
375 803 535 839 alteram
560 801 694 850 pridie.
756 800 877 849 Igitur
906 799 1012 848 prius
1041 799 1091 836 ad
1116 797 1368 847 superiorem.
1429 796 1507 834 No-

175 874 297 903 strum
329 879 427 915 opus
457 865 527 903 tibi
557 865 713 915 probari
743 866 892 911 laetor3
920 878 966 902 ex
996 876 1076 912 quo
1101 863 1193 911 ἄνθη
1220 861 1304 911 ipsa
1330 860 1504 910 posuisti.

117 945 156 968 10
177 933 290 979 Quae
321 931 417 968 mihi
447 930 670 968 fiorentiora
700 938 790 967 sunt
810 929 892 966 visa
921 936 990 966 tuo
1019 927 1191 974 iudici03
1221 927 1370 965 cerulas
1401 924 1506 963 enim

176 1004 261 1033 tuas
293 995 516 1033 miniatulas
548 994 631 1032 illas
663 994 978 1032 extimescebam.
1040 994 1102 1030 De
1136 991 1249 1030 Sicca
1279 990 1331 1028 ita
1369 997 1427 1028 est
1465 996 1507 1027 ut

176 1061 311 1099 scribis
329 1076 338 1107 ;
368 1062 415 1098 ab
433 1068 517 1098 asta
537 1074 583 1098 ea
603 1074 716 1110 aegre
737 1073 800 1097 me
820 1058 938 1097 tenui.
985 1060 1125 1107 Itaque
1146 1056 1402 1107 perstringam
1423 1054 1508 1093 sine

176 1127 253 1163 ulla
291 1124 531 1163 contumelia
569 1124 704 1162 Siccae
741 1131 809 1161 aut
847 1123 1070 1173 Septimiae,
1112 1129 1265 1159 tantum
1304 1128 1346 1158 ut
1383 1119 1508 1157 sciant

179 1191 324 1231 ίπαῖδες
351 1191 512 1228 παίδων’
533 1189 616 1228 sine
646 1192 785 1240 φαλλῷ
806 1187 1010 1226 Luciliano
1039 1201 1130 1225 eum
1161 1201 1207 1224 ex
1237 1187 1280 1225 C.
1306 1184 1402 1223 Fadi
1430 1184 1509 1222 filia

118 1269 154 1300 15
176 1256 319 1294 liberos
354 1254 549 1292 habuisse.
610 1255 742 1303 Atque
773 1252 922 1291 utinam
958 1266 1049 1290 eum
1084 1251 1190 1290 diem
1220 1250 1375 1288 videam
1415 1262 1505 1286 cum

176 1320 248 1358 ista
282 1319 406 1358 oratio
438 1319 491 1356 ita
521 1319 642 1356 libere
676 1325 835 1367 vagetur
868 1322 914 1354 ut
944 1317 1061 1355 etiam
1094 1315 1133 1353 in
1169 1315 1304 1353 Siccae
1342 1315 1508 1352 domum

176 1385 366 1423 introeat!
424 1385 502 1422 Sed
530 1383 596 1421 illo
617 1391 793 1433 tempore
813 1396 913 1431 opus
940 1389 999 1420 est
1026 1382 1135 1431 quod
1162 1380 1233 1418 fuit
1260 1379 1334 1417 illis
1356 1378 1506 1417 111viris.

178 1450 325 1487 Moriar
346 1448 419 1487 nisi
440 1450 588 1487 facete!
646 1450 708 1485 Tu
737 1461 828 1486 vero
854 1449 959 1497 leges
987 1448 1105 1485 Sexto
1134 1446 1298 1495 eiusque
1317 1443 1508 1482 iudicium

176 1515 273 1553 mihi
302 1514 528 1564 perscribes.
593 1513 678 1554 ίΕἷς
705 1514 785 1564 ἐμοὶ
812 1514 958 1564 μύριοι.’
1016 1511 1155 1551 Caleni
1182 1511 1446 1549 interventum
1471 1516 1510 1547 et

118 1598 157 1618 20
177 1582 374 1620 Calvenae
394 1580 561 1618 cavebis.

231 1646 353 1694 Quod
383 1644 525 1683 vereris
557 1659 607 1683 ne
636 1645 846 1695 ἀδόλεσχος
876 1643 973 1681 mihi
1004 1650 1060 1691 tu,
1085 1641 1173 1692 quis
1203 1640 1364 1679 minus?
1417 1639 1506 1686 Cui,
1526 1649 1551 1676 2

177 1719 218 1749 ut
247 1710 503 1760 Aristophani
532 1710 761 1748 Archilochi
790 1709 955 1756 iambus,
988 1708 1043 1746 sic
1074 1707 1241 1757 epistula
1273 1712 1339 1743 tua
1368 1705 1510 1755 longis-

177 1776 275 1814 sima
296 1789 477 1825 quaeque
497 1775 648 1825 optima
668 1775 831 1813 videtur.
892 1774 1014 1822 Quod
1041 1786 1104 1810 me
1130 1773 1336 1818 admones,
1357 1778 1398 1809 tu
1418 1784 1511 1808 vero

178 1841 297 1880 etiam
329 1840 360 1878 si
394 1841 659 1890 reprenderes,
693 1853 773 1878 non
806 1839 927 1877 modo
961 1837 1073 1876 facile
1107 1844 1258 1887 paterer
1289 1836 1358 1873 secl
1392 1835 1510 1874 etiam

119 1908 354 1953 25laetarer,
393 1905 540 1956 quippe
578 1919 668 1943 cum
708 1905 747 1942 in
785 1903 1037 1954 reprensione
1076 1902 1124 1940 sit
1168 1900 1377 1951 prudentia
1420 1914 1510 1939 cum

223 2021 241 2048 4
268 2020 287 2039 e
318 2009 530 2040 Sinuessano
561 2008 771 2049 U'esenberg:
804 2009 837 2038 in
864 2008 1027 2038 suasserio
1054 2005 1096 2037 M
1226 2015 1247 2043 9
1270 2003 1346 2042 ἄνθη
1369 2003 1511 2036 Lamb.:

180 2059 260 2084 ante
288 2053 329 2082 M
462 2063 502 2083 10
534 2053 730 2083 ssorentiora
760 2052 802 2083 C:
837 2052 991 2081 florentia
1018 2050 1058 2080 M
1192 2059 1230 2078 12
1253 2049 1296 2078 ab
1324 2047 1400 2078 add.
1429 2046 1514 2077 Reid

179 2102 252 2127 asta
276 2108 315 2126 ea
339 2097 374 2135 (i.
390 2107 413 2127 e.
442 2097 537 2126 hasta
558 2107 604 2133 ea,
623 2097 660 2135 cf.
677 2095 819 2136 Priapea
838 2105 893 2134 431
914 2095 947 2134 1)
966 2093 1020 2123 M¹
1043 2092 1188 2123 Gurl‘z'tt:
1213 2093 1308 2122 hasta
1327 2102 1366 2121 ea
1384 2090 1438 2127 M?
1453 2091 1510 2122 Fr.

180 2140 331 2170 selmum
356 2144 363 2167 (
372 2141 431 2178 qni
448 2138 567 2173 ὀβελὸν
584 2140 767 2169 crilicortmz
786 2138 936 2177 intellegi!
944 2146 948 2167 1
967 2149 974 2168 τ
999 2142 1070 2167 aste
1088 2135 1119 2165 Z
1131 2148 1138 2167 z
1163 2140 1215 2166 ast
1237 2135 1312 2166 Vict.
1331 2146 1337 2164 :
1362 2135 1511 2164 Asturae

183 2184 229 2214 C:
253 2195 272 2214 a
296 2184 389 2214 Staia
409 2182 596 2221 Lehmann,
612 2186 686 2223 post
702 2181 864 2222 Madvzg:
890 2193 908 2211 a
935 2181 1038 2211 Fadia
1062 2178 1184 2209 Lamb.
1334 2189 1371 2216 14
1395 2179 1511 2218 φαλλῷ

183 2226 322 2256 Gnrlitt:
348 2227 435 2256 vallo
455 2226 543 2257 codd.
566 2239 572 2257 :
597 2227 692 2265 ὕθλῳ,
713 2228 860 2266 φρα-γμῷ,
879 2224 957 2255 allio
972 2223 1190 2263 (Turnebus),
1209 2222 1296 2261 sillo,
1320 2221 1407 2259 selle,
1429 2221 1507 2260 bile,

180 2274 208 2299 et
229 2270 294 2300 alia
311 2271 370 2300 alii
511 2272 549 2300 16
573 2275 610 2300 ut
631 2269 708 2301 add.
727 2269 818 2310 vulg.
978 2278 1015 2306 17
1040 2277 1106 2306 quo
1128 2266 1252 2296 fuerint
1274 2265 1320 2295 illi
1343 2265 1510 2295 triumviri

183 2312 369 2344 Gronovius
525 2323 564 2351 19
588 2313 704 2343 Caleni
723 2317 818 2343 vetl.:
845 2313 944 2343 talem
971 2310 1013 2340 M
1142 2320 1182 2340 22
1207 2315 1263 2340 tua
1288 2307 1366 2339 add.
1390 2307 1511 2339 Lamb.

183 2366 223 2395 25
248 2358 292 2387 sit
306 2356 471 2388 Corradus
486 2368 492 2388 :
518 2362 552 2387 et
564 2356 622 2387 M:
648 2362 738 2387 esset
755 2356 854 2386 Klotz
