1742 2651
155 527 172 558 5

603 142 715 180 EPP.
749 142 827 178 AD
857 140 1117 178 ATTICVM
1424 137 1518 173 XII.
1542 134 1587 171 xl

194 253 233 291 in
264 261 495 304 perpetuum
527 253 650 299 amisi,
683 251 905 290 constantia
933 260 970 289 et
1002 250 1163 288 firmitas
1193 264 1266 287 nec
1300 247 1418 286 animi
1451 261 1524 285 nec

193 319 380 357 orationis
410 319 634 368 requiretur.

251 386 310 422 De
342 384 462 422 hortis
492 383 722 433 Scapulanis
752 385 828 421 hoc
858 382 1011 420 videtur
1041 381 1139 419 effici
1171 395 1297 431 posse,
1319 379 1427 417 aliud
1457 386 1524 416 tua
1542 389 1568 426 4

193 449 323 498 gratia,
355 449 462 487 aliud
495 457 636 495 nostra,
673 456 715 486 ut
750 447 933 497 praeconi
966 446 1218 484 subiciantur.
1281 446 1328 483 Id
1361 444 1433 481 nisi
1469 445 1523 489 fit,

194 515 457 552 excludemur.
519 513 586 551 Sin
607 515 657 551 ad
680 514 854 551 tabulam
876 512 1067 557 venimus,
1091 511 1295 549 vincemus
1324 511 1526 547 facultates

195 579 367 617 Othonis
394 586 526 616 nostra
555 578 780 628 cupiditate.
843 579 946 615 Nam
978 578 1086 626 quod
1115 578 1165 614 ad
1194 589 1256 613 me
1281 576 1331 613 de
1357 575 1527 611 Lentulo

194 643 342 691 scribis,
358 657 438 681 non
459 647 542 684 †est
559 643 597 680 in
619 646 702 682 eo†.
756 642 972 681 Faberiana
993 643 1115 679 modo
1136 655 1194 679 res
1216 647 1321 678 certa
1341 639 1389 677 sit
1405 647 1527 689 tuque

195 708 351 755 enitare,
376 709 483 757 quod
506 707 609 754 facis,
635 708 743 756 quod
765 709 947 745 volumus
969 720 1268 756 consequemur.

250 774 371 821 Quod
401 773 554 822 quaeris
576 786 694 822 quam
723 772 791 810 diu
819 772 907 809 hic:
938 785 1086 821 paucos
1117 771 1210 809 dies.
1271 772 1349 809 Sed
1377 777 1524 808 certum
1547 774 1571 812 5

137 857 176 880 10
195 852 276 876 non
297 839 436 876 habeo.
497 838 621 876 Simul
641 851 687 875 ac
717 837 970 884 constituero,
993 838 1043 875 ad
1075 845 1111 875 te
1139 837 1319 882 scribam,
1344 844 1380 873 et
1409 843 1449 873 tu
1477 835 1527 872 ad

140 1639 179 1660 20

195 917 258 941 me
280 917 398 953 quam
419 903 487 941 diu
509 903 546 940 in
569 902 797 941 suburbano
825 902 876 940 sis
898 904 1060 940 futurus.
1122 903 1214 950 Quo
1235 901 1299 939 die
1327 914 1399 950 ego
1419 901 1469 938 ad
1492 907 1529 937 te

195 970 291 1006 haec
327 968 424 1015 misi,
462 970 512 1006 de
546 968 643 1006 Pilia
676 976 713 1006 et
747 968 878 1006 Attica
913 968 1007 1005 mihi
1049 981 1208 1017 quoque
1248 968 1386 1005 eadem
1427 979 1528 1015 quae

194 1034 330 1072 scribis
360 1042 398 1072 et
428 1034 650 1072 scribuntur
679 1041 717 1071 et
746 1033 985 1071 nuntiantur.

239 1182 343 1216 XLI
531 1184 597 1215 Ser.
620 1184 770 1215 Asturae
785 1195 804 1215 v
820 1183 869 1215 ld.
890 1184 971 1214 Mai.
989 1194 1018 1215 a.
1042 1193 1101 1223 709
1120 1184 1201 1223 (45).

601 1273 773 1304 CICERO
804 1273 836 1302 A
848 1272 986 1303 TTJCO
1017 1272 1122 1303 SAL.

251 1363 359 1400 Nihil
395 1370 474 1400 erat
507 1363 615 1412 quod
650 1361 871 1400 scriberem.
932 1361 1037 1399 Scire
1077 1369 1207 1399 tamen
1239 1361 1419 1399 volebam
1460 1360 1526 1398 ubi
1548 1374 1563 1400 1

196 1442 326 1473 esses-3
367 1428 396 1466 si
435 1429 530 1466 abes
568 1435 634 1465 aut
672 1429 848 1464 afuturus
888 1440 939 1473 es,
977 1427 1138 1476 quando
1178 1426 1371 1465 rediturus
1410 1439 1525 1464 esses.

198 1493 333 1530 Facies
373 1493 487 1542 igitur
525 1492 740 1530 certiorem.
803 1493 853 1529 Et
892 1493 1000 1541 quod
1041 1499 1081 1529 tu
1121 1491 1218 1529 scire
1258 1492 1417 1529 volebas
1457 1504 1530 1540 ego

197 1560 358 1608 quando
379 1572 425 1596 ex
442 1560 519 1596 hoc
540 1559 638 1603 loco,
658 1557 846 1607 postridie
866 1559 961 1595 Idus
978 1557 1129 1595 Lanuvi
1152 1557 1335 1595 constitui
1359 1570 1528 1603 manere,

198 1623 291 1662 inde
325 1624 513 1674 postridie
543 1623 583 1661 in
617 1624 846 1661 Tusculano
880 1631 946 1661 aut
980 1625 1142 1661 Romae.
1205 1625 1343 1661 Vtrum
1375 1623 1447 1660 sim
1480 1624 1530 1660 fa-

197 1698 329 1728 cturus
350 1703 398 1728 eo
418 1690 505 1740 ipso
525 1690 589 1728 die
610 1689 719 1728 scies.

251 1755 334 1793 Scis
365 1769 483 1805 quam
514 1755 561 1793 sit
591 1757 780 1805 φιλαίτιον
808 1758 999 1806 συμφορά,
1026 1755 1187 1793 11111111116
1217 1755 1256 1792 111
1287 1763 1324 1794 te
1355 1755 1526 1805 quidem,
1548 1769 1572 1797 2

199 1821 268 1858 sed
290 1828 421 1858 tamen
442 1820 556 1859 avide
578 1834 664 1859 sum
691 1823 870 1860 adfectus
896 1823 946 1859 de
977 1822 1079 1866 fano,
1104 1821 1212 1869 quod
1234 1820 1307 1857 nisi
1338 1833 1418 1858 non
1439 1820 1530 1858 dico

199 1886 383 1923 effectum
414 1886 484 1924 erit
515 1887 583 1924 sed
612 1886 693 1924 fieri
720 1886 855 1924 videro
884 1886 1059 1937 (audebo
1087 1887 1162 1923 hoc
1190 1885 1320 1923 dicere
1350 1893 1387 1923 et
1418 1893 1459 1922 tu
1489 1892 1531 1923 ut

200 1952 302 1989 soles
335 1951 534 2001 accipies),
572 1951 785 1989 incursabit
815 1951 855 1988 in
885 1959 923 1990 te
953 1952 1067 1989 dolor
1099 1964 1209 1988 meus
1244 1963 1324 1988 non
1356 1950 1438 1988 iure
1468 1950 1531 1988 ille

199 2016 361 2065 quidem
392 2018 462 2054 sed
483 2024 616 2054 tamen
646 2018 743 2054 feres
771 2017 848 2054 hoc
878 2016 1007 2066 ipsum
1036 2017 1144 2065 quod
1173 2014 1302 2053 scribo
1329 2023 1370 2053 ut
1398 2015 1531 2053 onmia

200 2094 287 2119 mea
308 2083 382 2119 fers
410 2095 455 2119 ac
484 2081 615 2119 tulisti.
677 2081 817 2120 Omnis
846 2089 931 2119 tuas
962 2080 1255 2118 consolationes
1280 2094 1400 2118 unam
1428 2082 1530 2118 hanc

201 2145 239 2183 in
272 2160 352 2184 rem
385 2146 500 2183 velim
533 2146 721 2183 conferas.
782 2145 821 2183 Si
860 2145 1014 2195 quaeris
1049 2145 1145 2193 quid
1179 2152 1325 2194 optem,
1360 2144 1527 2194 primum
1549 2151 1573 2188 3

201 2212 401 2261 Scapulae,
419 2211 564 2251 deinde
581 2210 757 2257 Clodiae,
780 2219 926 2260 postea,
947 2210 977 2247 si
1000 2210 1115 2248 Silius
1136 2212 1254 2256 nolet,
1276 2213 1427 2248 Drusus
1443 2218 1529 2259 aget

246 2325 262 2353 7
289 2320 340 2345 est
359 2316 390 2345 in
406 2316 462 2356 eo]
480 2316 622 2346 aestimo
642 2315 743 2345 Reid:
770 2316 954 2345 extimesco
973 2314 1132 2354 lll‘adm'g:
1157 2320 1206 2345 est
1225 2315 1390 2346 solvendo
1407 2315 1531 2345 Slmck-

202 2358 306 2397 latrglt
421 2370 459 2389 10
483 2360 538 2399 ac]
558 2359 683 2397 aliquid
702 2357 830 2395 Mz‘iller,
849 2360 886 2397 cf.
907 2358 992 2388 Reid
1005 2358 1052 2387 ad
1065 2358 1169 2388 Acad.
1189 2359 1220 2389 ii.
1240 2369 1281 2397 34
1398 2361 1434 2389 18
1459 2364 1534 2389 ante

203 2402 381 2431 certiorem
400 2402 474 2433 add.
496 2413 548 2432 me
565 2403 667 2441 vulg„
685 2406 759 2440 post
776 2403 953 2432 certiorem
973 2402 1087 2431 Baiter
