1742 2651
572 96 686 133 EPP.
719 95 797 133 AD
828 93 1088 131 ATTICVM
1390 92 1478 129 XV.
1495 90 1543 127 Vi

154 211 263 260 quod
289 223 361 260 ego
391 208 641 254 existimares,
665 206 760 245 istos
787 205 904 244 etiam
935 219 1040 243 nunc
1061 204 1182 243 vereri
1210 218 1259 242 ne
1285 205 1382 242 forte
1410 201 1482 253 ipsi

155 274 275 313 nostri
297 276 384 324 plus
404 272 526 311 animi
547 272 718 310 habeant
739 284 857 321 quam
879 271 1036 308 habent.

399 339 661 375 ‘HIRTIVS
692 336 969 375 CICERONI
1001 336 1105 373 SVO
1136 336 1246 373 SAL.

211 406 365 442 Rureue
402 403 479 442 iam
519 401 699 441 redierim
747 401 912 451 quaeris.
988 402 1052 438 An
1092 414 1175 450 ego,
1217 413 1308 438 cum
1347 409 1531 437 omnes2

119 481 136 512 5
156 471 320 516 caleant,
343 468 530 518 ignaviter
556 467 704 517 aliquid
726 466 898 504 faciam?
955 465 1084 503 Etiam
1107 479 1153 503 ex
1173 465 1270 502 urbe
1294 477 1379 502 sum
1403 478 1487 513 pro-

155 536 291 580 fectus,
315 533 446 572 utilius
477 532 581 572 enirn
612 531 729 570 statui
758 532 905 569 abesse.
968 532 1054 568 Has
1083 529 1154 568 tibi
1180 529 1325 567 litteras
1353 528 1485 567 exiens

154 598 193 636 in
232 600 503 636 Tusculanum
543 596 688 647 scripsi.
755 596 848 634 Noli
885 603 1017 634 autem
1058 609 1121 633 me
1160 602 1241 632 tam
1281 601 1483 632 strenuum

153 670 289 712 putare
315 670 356 701 ut
385 664 436 701 ad
462 664 599 701 Nonas
626 675 830 699 recurram.
891 660 1000 698 Nihil
1021 660 1126 698 enim
1148 659 1226 697 iam
1246 659 1363 697 video
1384 672 1484 709 opus

154 742 239 766 esse
261 736 393 766 nostra
411 741 516 775 cura,
537 726 725 777 quoniam
748 725 940 776 praesidia
969 733 1060 763 sunt
1089 725 1128 763 in
1158 732 1216 763 tot
1244 738 1370 762 annos
1400 738 1485 774 pro-

98 806 137 828 10
155 792 247 830 visa.
308 795 450 830 Brutus
482 800 520 830 et
551 791 709 831 Cassius
743 791 893 829 utinam
925 804 1044 840 quam
1075 789 1188 828 facile
1219 803 1242 827 a
1272 797 1310 827 te
1340 790 1389 827 de
1422 802 1485 826 me

155 857 362 907 impetrare
392 864 556 907 possunt
592 856 645 894 ita
679 870 747 906 per
781 864 819 894 te
858 863 1066 894 exorentur
1099 869 1148 893 ne
1183 856 1291 905 quod
1321 853 1486 892 calidius

154 923 287 961 ineant
309 922 516 961 consilium
535 925 541 959 ἱ
601 921 790 961 Cedentis
812 920 917 959 enim
948 921 1046 958 haec
1065 920 1122 958 ais
1149 919 1486 969 scripsisse—quo

153 996 219 1026 aut
241 1001 319 1038 qua
339 989 407 1026 re?
466 986 620 1032 Retine,
646 987 811 1024 obsecro
840 993 888 1032 te,
913 985 1064 1032 Cicero,
1087 985 1173 1022 illos
1194 992 1232 1022 et
1252 984 1332 1022 noli
1360 984 1486 1022 sinere
1505 991 1529 1028 3

154 1054 251 1091 haec
272 1052 406 1090 onmia
434 1051 568 1101 perire,
595 1065 695 1101 quae
729 1050 905 1089 funditus
936 1051 1078 1088 medias
1107 1049 1223 1088 fidius
1254 1049 1408 1099 rapinis,
1433 1049 1486 1087 in-

99 1130 133 1161 15
153 1118 315 1165 cendiis,
356 1117 545 1156 caedibus
586 1124 867 1167 pervertuntur.
928 1118 1102 1153 Tantum
1142 1115 1173 1153 si
1212 1114 1307 1164 quid
1347 1114 1487 1153 timent

153 1190 328 1229 caveant,
370 1182 465 1220 nihil
506 1189 705 1232 praeterea
746 1181 966 1219 moliantur.
1045 1182 1137 1218 Non
1178 1179 1332 1218 medius
1371 1179 1486 1217 fidius

152 1247 349 1286 acerrimis
381 1246 554 1285 consiliis
576 1248 663 1297 plus
685 1260 804 1295 quam
827 1245 944 1283 etiam
971 1244 1225 1291 inertissimis,
1248 1246 1343 1282 dum
1366 1246 1487 1283 modo

153 1313 418 1363 diligentibus,
443 1319 745 1362 consequentur.
808 1313 922 1349 Haec
953 1310 1058 1349 enim
1080 1324 1181 1360 quae
1202 1312 1328 1348 fluunt
1349 1324 1417 1360 per
1446 1324 1487 1348 se

154 1379 338 1417 diuturna
359 1391 439 1415 non
461 1385 576 1424 sunt3
606 1376 645 1414 in
667 1375 922 1415 contentione
944 1375 1158 1425 praesentis
1187 1376 1238 1413 ad
1259 1375 1485 1413 nocendum

97 1460 135 1481 20
155 1444 302 1482 habent
329 1443 428 1481 viris.
490 1442 598 1491 Quid
629 1455 759 1492 speres
790 1442 840 1480 de
870 1440 943 1479 illis
974 1439 1012 1478 in
1040 1441 1311 1478 Tusculanum
1341 1441 1393 1478 ad
1423 1454 1486 1478 me

154 1509 304 1547 scribe.'

210 1574 348 1612 Habes
381 1573 485 1611 Hirti
516 1572 734 1623 epistulam.
795 1571 870 1611 Cui
900 1570 1077 1620 rescripsi
1112 1570 1165 1607 nil
1199 1569 1286 1608 illos
1320 1569 1529 1616 calidius4

154 1639 324 1689 cogitare
364 1639 483 1688 idque
526 1637 763 1677 confirmavi.
837 1639 930 1675 Hoc
974 1637 1263 1686 qualecumque
1307 1643 1409 1673 esset
1446 1642 1484 1673 te

154 1704 251 1743 scire
273 1704 388 1742 volui.

97 1786 133 1815 25
209 1769 427 1819 Obsignata
461 1769 537 1806 iam
575 1769 720 1807 Balbus
750 1769 801 1806 ad
832 1781 895 1806 me
925 1766 1125 1805 Serviliam
1157 1765 1314 1812 redisse,
1349 1766 1486 1804 confir-

156 1849 260 1873 mare
282 1849 362 1873 non
383 1834 634 1873 discessuros.
697 1836 815 1872 Nunc
836 1841 1021 1884 exspecto
1041 1847 1064 1871 a
1085 1840 1122 1870 te
1143 1832 1298 1870 litteras.

199 1930 290 1964 VII
389 1933 458 1964 Ser.
479 1934 512 1962 in
536 1933 721 1963 Tusculano
738 1943 758 1962 v
774 1936 832 1962 (ml
848 1933 878 1961 iv
895 1932 937 1961 K.
957 1931 1031 1961 Ilm.
1052 1941 1083 1961 a.
1107 1940 1164 1969 710
1183 1930 1270 1970 (44).

562 1992 734 2024 CICERO
765 1992 946 2022 ATTICO
976 1991 1081 2022 SAL.

210 2057 375 2094 Gratum
406 2055 514 2104 quod
546 2053 641 2091 mihi
673 2053 858 2103 epistulas
875 2068 883 2099 3
913 2066 1014 2102 quae
1035 2051 1196 2101 quidem
1226 2065 1290 2089 me
1319 2053 1486 2090 delecta-

95 2135 135 2166 30
155 2129 255 2167 runt,
297 2121 335 2158 in
384 2119 517 2170 primis
566 2119 670 2158 Sexti
711 2118 842 2157 nostri.
918 2118 1047 2164 Dices,
1101 2116 1217 2166 ‘quia
1255 2124 1292 2155 te
1331 2118 1489 2155 laudat.'

157 2189 258 2224 Puto
286 2199 348 2223 me
375 2186 534 2223 hercule
564 2184 604 2222 id
632 2197 792 2234 quoque
823 2197 908 2222 esse
939 2196 1090 2228 causae,
1113 2183 1183 2220 sed
1210 2189 1342 2220 tamen
1370 2181 1487 2220 etiam

200 2301 219 2328 4
245 2290 384 2320 Rurene
412 2287 624 2327 Wesenbmg:
649 2297 726 2318 rure
743 2286 833 2318 codd.
972 2295 991 2324 5
1018 2285 1149 2322 Etiam;
1172 2295 1215 2315 ex
1233 2284 1320 2315 Reid
1452 2295 1486 2314 11

156 2333 297 2365 calidius
315 2333 432 2363 Lamb.
450 2342 457 2364 ;
483 2332 635 2362 callidius
653 2331 695 2361 M
804 2340 841 2369 14
867 2330 997 2360 medius
1013 2328 1090 2359 add.
1108 2331 1178 2359 velt.
1272 2338 1313 2367 25
1332 2331 1408 2368 post
1424 2329 1489 2358 iam

157 2377 232 2408 add.
254 2376 400 2416 epistula
418 2375 503 2416 vulg.

1340 2416 1401 2446 34*
