1742 2651
144 595 160 625 5

121 921 159 943 10

595 148 707 184 EPP.
740 147 817 183 AD
848 145 1109 184 ATTICVM
1388 146 1506 182 XIII.
1530 155 1559 181 x

224 297 266 331 X
310 299 378 332 Scr.
399 301 432 331 ιἰι
454 300 642 332 Tusculano
659 302 740 332 inter
754 312 783 332 a.
804 301 834 332 d.
854 302 956 331 xiiict
970 301 1061 331 sili.
1084 301 1195 340 Quint.
1215 312 1244 332 a.
1267 311 1324 340 700
1344 301 1422 341 (45).

588 378 759 410 CICERO
788 378 969 408 ATTICO
999 377 1106 408 SAL.

236 456 404 494 Minime
437 456 554 495 miror
585 464 622 495 te
652 465 689 495 et
713 455 877 506 graviter
907 456 1003 493 ferre
1033 456 1083 493 de
1115 456 1304 493 Marcello
1334 462 1371 492 et
1402 455 1511 504 plura
1531 466 1546 492 1

180 524 299 559 vereri
327 523 488 573 periculi
513 535 664 571 genera.
725 520 824 569 Quis
854 519 959 558 enim
981 521 1057 558 hoc
1079 519 1231 557 timeret
1253 520 1361 568 quod
1383 532 1512 568 neque

180 586 375 624 acciderat
395 594 511 623 antea
538 599 611 624 nec
631 585 837 623 videbatur
862 592 1000 622 natura
1020 586 1117 622 ferre
1147 592 1188 622 ut
1218 584 1397 622 accidere
1427 597 1511 634 pos-

179 652 270 688 set?
327 650 474 689 Omnia
494 650 607 700 igitur
627 651 851 688 metuenda.
912 650 990 688 Sed
1011 649 1107 687 illud
1127 651 1227 699 παρὰ
1246 650 1313 698 τὴν
1335 651 1510 699 ἱστορίαν,

179 724 221 753 tu
251 715 490 765 praesertim,
523 729 586 753 me
615 714 809 764 reliquum
839 716 1098 752 consularem.
1160 715 1299 764 Quid?
1329 714 1399 752 tibi
1431 716 1513 753 Ser-

179 780 263 818 vius
302 780 398 830 quid
438 780 621 818 videtur?
678 781 932 829 Quamquam
972 781 1048 817 hoc
1088 781 1236 817 nullam
1275 781 1326 818 ad
1361 788 1511 829 partem

178 847 280 883 valet
310 844 469 891 scilicet,
502 844 598 882 mihi
627 844 853 895 praesertim
884 844 951 894 qui
976 858 1057 883 non
1085 844 1215 883 minus
1247 845 1350 883 bene
1379 852 1511 883 actum

179 923 271 948 cum
304 909 378 947 illis
410 918 557 959 putem.
628 909 737 958 Quid
769 909 874 947 enim
911 923 1046 947 sumus
1080 917 1146 947 aut
1179 909 1275 959 quid
1309 923 1395 948 esse
1426 924 1513 960 pos-

179 976 346 1013 sumus?
375 974 513 1013 domin
538 988 588 1013 an
617 974 739 1012 foris?
796 975 917 1023 Quod
946 974 1019 1011 nisi
1051 974 1146 1012 mihi
1177 976 1253 1012 hoc
1274 975 1445 1013 venisset
1472 975 1511 1013 in

179 1048 352 1078 mentem
385 1039 554 1078 scribere
584 1039 658 1078 ista
688 1039 821 1078 nescio
857 1053 968 1089 quae,
1003 1053 1083 1089 quo
1117 1048 1306 1079 verterem
1338 1054 1400 1079 me
1430 1054 1510 1079 non

178 1106 374 1143 haberem.

231 1171 295 1208 Ad
329 1171 589 1218 Dolabellam,
615 1178 657 1208 ut
682 1170 831 1217 scribis>
856 1170 907 1208 ita
934 1179 1031 1220 puto
1062 1171 1298 1218 faciendum,
1323 1173 1508 1221 κοινότερα
1527 1184 1552 1212 2

177 1237 372 1285 quaedam
406 1244 443 1273 et
478 1237 751 1286 πολιτικώτερα.
826 1236 1069 1274 Faciendum
1104 1245 1208 1275 certe
1240 1237 1389 1286 aliquid
1424 1245 1481 1275 est
1500 1251 1509 1284 3

177 1301 290 1338 valde
322 1300 427 1338 enim
460 1300 666 1339 desiderat.
727 1303 870 1339 Brutus
910 1300 939 1338 si
980 1301 1076 1349 quid
1111 1301 1242 1351 egerit,
1274 1302 1429 1340 curabis
1468 1310 1553 1348 ut3

177 1365 325 1411 sciam;
366 1365 428 1403 cui
469 1366 630 1415 quidem
662 1379 780 1415 quam
816 1365 986 1415 primum
1025 1367 1223 1415 agendum
1263 1374 1370 1416 puto,
1405 1380 1508 1416 prae-

176 1430 307 1467 sertim
341 1430 370 1467 si
406 1431 549 1468 statuit.
620 1432 921 1469 Sermunculum
954 1430 1059 1468 enim
1092 1444 1252 1468 omnem
1282 1440 1348 1469 aut
1378 1432 1511 1470 restin-

176 1494 270 1532 xerit
299 1504 366 1533 aut
394 1495 547 1533 sedarit.
607 1498 705 1534 Sunt
730 1495 833 1533 enim
865 1495 931 1544 qui
960 1496 1170 1544 loquantur
1190 1495 1308 1533 etiam
1339 1510 1506 1535 mecum.

119 1573 131 1592 2
177 1561 254 1597 Sed
276 1561 373 1598 haec
395 1561 477 1610 ipse
499 1560 661 1610 optime,
684 1560 911 1611 praesertim
934 1560 964 1597 si
986 1560 1103 1598 etiam
1125 1568 1256 1598 tecum
1278 1563 1469 1610 loquetur.

232 1625 332 1662 Mihi
368 1634 425 1664 est
457 1626 497 1663 in
531 1626 664 1664 animo
700 1625 893 1675 proficisci
925 1637 969 1662 xr
1008 1627 1094 1662 Kal.
1156 1626 1237 1664 Hic
1271 1626 1375 1664 enim
1412 1627 1507 1665 nihil

175 1690 304 1728 habeo
325 1692 434 1740 quod
461 1705 585 1741 agam,
609 1705 658 1729 ne
686 1693 844 1730 hercule
866 1691 943 1729 illic
973 1691 1134 1740 quidem
1156 1704 1229 1729 nec
1250 1704 1415 1741 usquam
1437 1693 1507 1730 sed

174 1762 306 1793 tamen
340 1756 489 1806 aliquid
525 1756 612 1794 illic.
674 1757 810 1795 Hodie
851 1757 1100 1806 Spintherem
1140 1765 1335 1806 exspecto.
1397 1757 1506 1796 Misit

174 1820 279 1858 enim
312 1822 454 1859 Brutus
483 1822 534 1860 ad
565 1835 638 1859 me.
700 1823 772 1859 Per
792 1821 938 1860 litteras
965 1829 1102 1871 purgat
1134 1822 1343 1860 Caesarem
1373 1824 1423 1860 de
1453 1823 1507 1860 in-

174 1885 288 1923 teritu
321 1885 526 1933 Marcelli3
567 1886 606 1925 in
637 1900 755 1936 quem
783 1901 833 1925 ne
865 1887 895 1925 si
928 1887 1079 1925 insidiis
1109 1887 1271 1936 quidem
1301 1887 1365 1926 ille
1395 1887 1508 1926 inter—

173 1951 297 1988 fectus
337 1958 439 1988 esset
477 1952 635 1989 caderet
673 1953 751 1989 ulla
789 1951 971 2002 suspicio.
1043 1953 1162 1990 Nunc
1196 1966 1288 1991 vero
1327 1966 1418 1990 curn
1456 1955 1507 1992 de

175 2015 309 2064 Magio
336 2024 501 2062 constet,
534 2029 667 2053 nonne
692 2017 796 2054 furor
823 2016 906 2055 eius
931 2030 1089 2055 causam
1118 2030 1279 2055 omnem
1310 2017 1507 2056 sustinet?

174 2081 294 2118 Plane
327 2080 422 2129 quid
455 2080 502 2117 sit
535 2094 615 2118 non
647 2080 841 2130 intellego.
903 2081 1142 2131 Explanabis
1175 2082 1298 2132 igitur.
1359 2084 1507 2132 Quam-

173 2158 291 2193 quam
313 2144 410 2182 nihil
432 2146 560 2183 habeo
582 2146 690 2194 quod
712 2146 889 2183 dubitem
913 2146 985 2183 nisi
1008 2146 1079 2196 ipsi
1113 2147 1248 2196 Magio
1269 2161 1370 2197 quae
1392 2148 1504 2186 fuerit

217 2257 234 2285 7
260 2258 362 2279 unum
380 2253 454 2279 ante
469 2259 522 2279 me
539 2248 652 2278 addere
667 2248 737 2279 vult
755 2249 945 2289 ll'esenberg
1027 2260 1065 2280 10
1090 2260 1165 2280 esse
1182 2261 1246 2281 om.
1267 2250 1379 2282 ,Moser
1468 2262 1499 2282 11

173 2291 286 2321 domin
305 2291 365 2322 M:
390 2292 523 2323 domine
541 2290 593 2321 M²
693 2294 732 2322 16
755 2294 862 2332 egerit
880 2297 904 2324 Σ
919 2304 950 2324 v.
969 2304 991 2324 e.
1012 2292 1043 2322 Z
1057 2294 1140 2324 Ant.
1160 2294 1225 2326 FI:
1252 2306 1317 2326 om.
1338 2301 1365 2326 Δ
1461 2305 1501 2333 23

171 2334 295 2373 aliquid
313 2335 400 2365 Crat.
411 2347 440 2367 v.
455 2347 477 2366 c.
494 2336 521 2366 L
542 2336 678 2375 (magr.)
698 2334 742 2365 Ζὁ
759 2349 765 2366 τ
788 2347 855 2369 om.
874 2340 928 2367 ΣΔ
1020 2337 1110 2367 Misit
1128 2338 1216 2367 enim
1235 2340 1276 2369 ad
1295 2349 1357 2369 me.
1379 2339 1502 2369 Brutus

172 2388 231 2416 per
247 2380 324 2409 coni.
340 2379 423 2409 Boot
510 2390 549 2416 :24
575 2379 682 2420 enim]
700 2379 800 2410 etiam
818 2381 896 2411 coni.
918 2380 1019 2409 Orelli
