1742 2651
577 127 688 163 EPP.
722 126 798 162 AD
830 125 1087 162 ATTICVM
1388 126 1498 163 XIV.
1518 126 1645 164 xviia

166 239 370 285 venissem,
401 251 638 288 quamquam
668 245 747 276 erat
775 250 982 287 oppressus
1010 236 1128 275 totius
1156 237 1330 287 corporis
1358 237 1498 276 dolori-

166 305 249 351 bus,
273 313 404 342 tamen
434 312 524 341 ante
555 317 673 353 quam
704 317 767 341 me
796 305 912 353 plane
942 302 1132 349 salutavit,
1159 304 1216 341 ‘O
1248 303 1300 340 mi
1331 303 1496 342 Cicero'

165 369 291 419 inquit
329 371 519 419 ‘gratulor
554 368 623 406 tibi
658 382 748 406 cum
783 376 934 405 tantum
970 369 1074 405 vales
1108 369 1214 417 apud
1248 369 1496 406 Dolabellam

165 442 355 483 quantum
385 433 415 470 si
443 447 515 483 ego
542 435 648 483 apud
680 433 820 471 sororis
846 432 967 470 filium
990 435 1168 478 valerem,
1192 433 1269 470 iam
1297 433 1389 471 salvi
1412 448 1497 472 esse

126 512 142 542 5
164 512 380 548 possemus.
453 499 683 536 Dolabellae
704 512 795 536 vero
823 506 891 535 tuo
918 505 955 536 et
985 499 1156 548 gratulor
1182 505 1220 536 et
1246 498 1385 547 gratias
1409 512 1494 548 ago,

164 576 282 611 quem
304 563 465 612 quidem
493 571 581 612 post
609 571 646 600 te
674 564 877 600 consulem
906 564 1033 600 solum
1061 576 1269 612 possumus
1291 576 1378 600 vere
1405 576 1496 600 con-

164 629 289 665 sulem
310 627 464 665 dicere.⁷
524 627 679 665 Deinde
710 628 832 664 multa
859 628 908 665 de
934 628 1036 664 facto
1063 640 1108 664 ac
1136 628 1185 665 de
1213 641 1252 664 re
1279 634 1386 676 gesta
1407 635 1497 672 tua3

164 691 260 729 nihil
286 692 609 741 magnificentius,
634 691 730 729 nihil
758 691 991 741 praeclarius
1018 700 1149 729 actum
1177 705 1376 741 umquam,
1400 691 1496 728 nihil

164 757 217 794 rei
247 757 429 806 publicae
460 757 673 795 salutarius.
734 760 865 807 Atque
896 759 992 795 haec
1024 771 1101 794 una
1122 771 1195 795 vox
1224 757 1401 795 omnium
1426 765 1494 795 est.

109 836 145 856 10
165 824 201 859 A
235 829 273 860 te
307 830 438 860 autem
474 830 565 871 peto
600 830 641 860 ut
681 836 743 860 me
782 824 883 860 hanc
918 822 1028 872 quasi
1064 824 1199 860 falsam
1239 822 1495 860 hereditatem
1522 829 1547 866 4

163 886 314 925 alienae
334 887 479 936 gloriae
500 887 603 924 sinas
625 901 782 925 cernere
804 901 946 936 meque
973 887 1103 937 aliqua
1125 901 1170 925 ex
1191 894 1298 936 parte
1319 886 1358 924 in
1380 887 1499 925 socie-

165 959 284 990 tatem
331 960 484 989 tuarum
530 953 693 990 laudum
732 951 862 990 venire
908 952 1064 1002 patiare.
1139 953 1404 1000 Quamquam,
1446 951 1498 989 mi

167 1017 375 1055 Dolabella
396 1017 511 1065 (haec
541 1016 646 1054 enim
677 1016 826 1054 iocatus
857 1017 973 1067 sum),
1003 1016 1187 1054 libentius
1218 1016 1346 1054 omnis
1377 1030 1494 1062 meas,

165 1081 196 1118 si
218 1083 339 1119 modo
360 1089 450 1118 sunt
471 1081 624 1131 aliquae
647 1095 756 1119 meae
778 1083 924 1127 laudes,
947 1083 997 1119 ad
1025 1089 1062 1118 te
1083 1081 1357 1119 transfuderim
1379 1095 1497 1130 quam

110 1162 145 1192 15
165 1146 336 1196 aliquam
362 1154 512 1196 partem
543 1146 787 1185 exhauserim
818 1160 863 1184 ex
890 1146 976 1184 tuis.
1037 1148 1139 1183 Nam
1168 1160 1258 1184 cum
1284 1154 1322 1184 te
1347 1160 1500 1196 semper

167 1219 319 1249 tantum
349 1212 550 1250 dilexerim
581 1219 771 1261 quantum
804 1219 844 1249 tu
875 1211 1097 1261 intellegere
1128 1211 1298 1261 potuisti,
1327 1219 1409 1249 tum
1440 1211 1500 1249 his

166 1277 241 1314 tuis
277 1277 386 1314 factis
422 1277 476 1314 sic
511 1276 694 1314 incensus
734 1290 820 1314 sum
860 1284 901 1314 ut
940 1276 1036 1313 nihil
1069 1290 1257 1326 umquam
1292 1276 1333 1314 in
1366 1290 1498 1314 amore

167 1341 280 1380 fuerit
300 1342 510 1380 ardentius,
572 1341 680 1379 Nihil
702 1349 758 1379 est
786 1341 902 1387 enim,
927 1341 1022 1378 mihi
1049 1343 1176 1388 crede,
1198 1341 1338 1380 virtute
1360 1343 1499 1380 formo-

167 1407 256 1453 sius,
295 1407 390 1444 nihil
426 1407 636 1457 pulchrius,
674 1406 769 1444 nihil
803 1406 1021 1444 amabilius.
1093 1408 1255 1456 Semper
1286 1407 1424 1454 amavi,
1458 1416 1500 1446 ut
1522 1417 1545 1455 5

110 1485 150 1506 20
169 1472 254 1518 scis,
290 1474 344 1509 M.
379 1475 543 1510 Brutum
575 1480 732 1522 propter
766 1472 848 1509 eius
881 1485 1079 1509 summum
1115 1471 1327 1521 ingenium,
1360 1473 1501 1511 suavis-

168 1537 288 1575 simos
335 1552 472 1584 mores,
506 1538 739 1587 singularem
781 1537 1015 1587 probitatem
1054 1545 1172 1587 atque
1212 1538 1502 1585 constantiam3

168 1610 300 1641 tamen
342 1603 480 1641 Idibus
530 1603 681 1641 Martiis
730 1611 882 1640 tantum
931 1602 1094 1640 accessit
1139 1605 1189 1641 ad
1232 1616 1407 1641 amorem
1459 1611 1501 1642 ut

169 1667 326 1706 mirarer
346 1669 477 1705 locum
505 1668 623 1706 fuisse
649 1668 819 1718 augendi
849 1667 887 1704 in
915 1681 963 1705 eo
990 1669 1098 1717 quod
1129 1668 1224 1705 mihi
1251 1668 1327 1706 iam
1350 1668 1500 1718 pridem

169 1735 412 1771 cumulatum
434 1733 552 1771 etiam
574 1734 788 1772 videbatur.
850 1733 949 1782 Quis
977 1741 1057 1771 erat
1079 1733 1144 1782 qui
1167 1741 1319 1782 putaret
1340 1735 1389 1771 ad
1411 1747 1501 1771 eum

112 1810 149 1841 25
169 1812 343 1836 amorem
379 1812 497 1847 quem
530 1812 619 1848 erga
653 1806 689 1836 te
721 1798 917 1836 habebam
953 1811 1068 1847 posse
1103 1797 1251 1846 aliquid
1287 1799 1504 1836 accedere?

170 1864 344 1900 Tantum
368 1863 533 1900 accessit
557 1871 598 1901 ut
626 1863 721 1900 mihi
750 1877 854 1901 nunc
877 1863 1049 1912 denique
1071 1876 1201 1900 amare
1223 1862 1365 1911 videar,
1388 1871 1503 1901 antea

169 1927 360 1965 dilexisse.
421 1929 512 1976 Qua
538 1942 578 1966 re
598 1928 693 1977 quid
718 1936 775 1966 est
796 1929 904 1978 quod
932 1941 1004 1977 ego
1036 1935 1072 1965 te
1102 1928 1232 1965 horter
1260 1935 1301 1965 ut
1326 1927 1504 1978 dignitati
1525 1931 1553 1968 6

169 2000 208 2030 et
227 1992 372 2042 gloriae
393 1993 567 2031 servias?
623 1996 846 2043 Proponam
875 1993 945 2031 tibi
967 1995 1091 2031 claros
1113 1992 1226 2039 viros,
1249 1994 1357 2042 quod
1379 1994 1504 2031 facere

170 2059 299 2095 solent
319 2057 386 2107 qui
407 2059 642 2096 hortantur?
699 2058 910 2097 Neminem
942 2058 1070 2096 habeo
1099 2057 1300 2095 clariorem
1323 2071 1440 2107 quam
1466 2066 1503 2096 te

111 2137 152 2168 30
171 2121 311 2171 ipsum.
371 2124 430 2160 'l‘e
465 2122 613 2160 imitere
643 2131 807 2172 oportet,
840 2131 970 2161 tecum
1004 2122 1087 2171 ipse
1122 2130 1256 2160 certes.
1318 2123 1380 2160 Ne
1414 2122 1504 2160 licet
1524 2127 1547 2166 7

214 2226 235 2254 6
258 2226 489 2263 possumuss:
522 2235 659 2264 possum
677 2224 764 2256 codd.
975 2234 990 2262 7
1019 2224 1232 2262 DeindefE:
1259 2225 1339 2254 dein
1365 2223 1505 2254 M02Rs

172 2273 227 2298 tua
249 2267 456 2307 lVesenbczg:
484 2273 553 2298 turn
571 2268 655 2298 codd.
677 2272 706 2297 ct
720 2269 899 2307 f<praelcr
915 2268 949 2297 D
965 2268 1024 2306 qui
1039 2277 1114 2296 cum
1134 2267 1241 2303 habet)
1382 2278 1419 2306 13
1437 2269 1503 2298 sim

172 2311 257 2341 Reid
332 2322 369 2350 14
395 2312 685 2350 transfuderims:
713 2316 806 2342 trans
819 2311 869 2340 M¹
891 2323 897 2342 ε
923 2311 1155 2341 transtulerim
1176 2310 1368 2342 EORsM2:
1396 2316 1503 2341 trans-

173 2356 276 2385 feram
294 2348 333 2383 Zl
462 2366 502 2393 24
528 2355 646 2395 etiam]
667 2365 742 2385 esse
756 2355 866 2385 Aldus
991 2365 1033 2393 30
1057 2354 1106 2384 Te
1123 2366 1188 2386 0111.
1208 2354 1280 2384 MR
1370 2355 1504 2384 imitere

162 2399 192 2437 s
203 2400 341 2439 (praeter
354 2397 442 2439 HD)
463 2398 493 2427 Ο
508 2410 514 2428 t
540 2398 660 2428 imitari
679 2398 798 2428 MERs
814 2403 843 2428 et
858 2398 931 2428 HD

216 2463 278 2482 C1c.
298 2462 345 2482 AD
362 2462 434 2482 A‘i‘l'.
1377 2453 1418 2481 323
