1742 2651
129 1038 167 1060 10

130 1689 169 1710 20

132 2014 168 2046 25

604 130 716 166 ΕΡΡ.
748 130 826 166 AD
855 130 1117 168 ATTICVM
1472 129 1567 166 XII.
1591 128 1668 164 xlii

185 241 418 291 (delectatur
444 241 548 279 enim
576 248 614 279 et
641 241 803 291 copiosa
829 240 915 290 est),
939 249 976 278 et
1003 240 1098 278 illud
1125 242 1289 279 alterum
1318 255 1435 290 quam
1467 241 1515 279 sit

184 305 341 344 difficile
362 314 399 344 te
423 319 502 344 non
529 305 635 355 fugit.
696 307 786 352 Sed,
809 306 986 352 obsecro,
1010 305 1205 343 enitamur
1226 314 1267 343 ut
1288 306 1436 356 aliquid
1463 307 1514 344 ad

184 370 224 408 id
246 372 354 421 quod
375 371 493 421 cupio
514 371 790 421 excogitemus.

241 437 325 486 Ego
364 449 428 474 me
466 436 558 474 hinc
598 437 786 486 postridie
824 438 883 474 Id.
918 436 1110 474 exiturum
1144 445 1240 486 puto
1275 437 1344 474 sed
1376 444 1442 475 aut
1474 436 1513 474 in
1536 442 1558 478 3

185 503 455 539 Tusculanum
494 510 560 539 aut
599 503 775 545 domum,
810 502 903 540 inde
942 503 1105 540 fortasse
1145 502 1350 551 Arpinum.
1412 503 1514 540 Cum

185 574 334 604 certum
365 566 499 613 sciero,
532 566 698 604 scribam
729 567 779 604 ad
810 575 857 604 te.

227 765 381 801 XLIII
514 769 581 802 δυ’.
600 770 748 800 Asturae
764 770 795 800 iv
810 769 860 801 Id.
882 769 962 801 Mai.
986 781 1016 800 a.
1038 780 1097 811 709
1117 770 1201 811 (45).

592 865 763 896 CICERO
793 865 825 896 A
835 864 974 896 TTICO
1002 864 1108 896 SAL.

239 961 411 998 Venerat
444 960 539 998 mihi
571 960 610 997 in
642 968 816 999 mentem
850 974 1010 998 monere
1041 968 1078 998 te
1109 968 1150 998 ut
1180 959 1220 998 id
1251 959 1378 1010 ipsum
1407 959 1515 1009 quod
1536 970 1552 997 1

186 1024 279 1062 facis
310 1026 467 1063 faceres.
530 1026 721 1063 Putabam
758 1025 863 1063 enim
904 1025 1154 1063 commodius
1194 1034 1231 1063 te
1271 1025 1374 1063 idem
1411 1025 1516 1063 istud
1539 1014 1669 1055 rung]

186 1089 295 1127 domi
324 1103 437 1139 agere
466 1103 582 1140 posse
611 1090 924 1139 interpellatione
954 1090 1117 1128 sublata.

241 1156 326 1204 Ego
347 1154 534 1204 postridie
560 1156 666 1201 Idus,
691 1162 733 1192 ut
761 1155 895 1205 scripsi
916 1156 967 1193 ad
989 1163 1026 1193 te
1052 1162 1155 1202 ante,
1180 1155 1331 1193 Lanuvi
1359 1168 1516 1193 manere
1540 1160 1639 1208 (ium

186 1219 382 1266 constitui,
420 1219 512 1258 inde
550 1227 616 1257 aut
648 1221 802 1258 Romae
833 1227 900 1258 aut
932 1219 971 1257 in
1007 1221 1260 1267 Tusculan03
1295 1220 1392 1258 scies
1426 1228 1517 1258 ante
1541 1210 1572 1244 Ι)

187 1292 328 1322 utrum.
388 1286 535 1333 †Quod
560 1284 658 1323 scies
685 1292 789 1323 recte
815 1285 922 1323 illam
944 1299 1024 1323 rem
1050 1287 1132 1324 fore
1158 1288 1393 1332 levamento,
1417 1286 1518 1323 bene

187 1349 280 1386 facis
311 1350 557 1388 cumidesser
583 1349 678 1388 mihi
706 1351 823 1389 crede
853 1350 1016 1400 perinde
1048 1359 1089 1388 ut
1119 1351 1339 1389 existimare
1369 1358 1409 1388 tu
1438 1364 1517 1388 non

187 1422 310 1464 potes.
371 1416 451 1453 Res
486 1414 632 1453 indicat
671 1424 820 1465 quanto
859 1430 977 1466 opere
1012 1416 1051 1454 id
1086 1417 1255 1467 cupiam,
1291 1430 1413 1466 quom
1448 1415 1517 1453 tibi

186 1480 355 1517 audeam
386 1480 563 1518 confiteri
593 1493 711 1530 quem
742 1480 782 1519 id
812 1494 893 1519 non
924 1481 976 1519 ita
1006 1483 1120 1520 valde
1149 1482 1315 1531 probare
1345 1480 1515 1519 arbitrer.

188 1545 265 1582 Sed
301 1546 484 1583 ferendus
517 1544 586 1583 tibi
618 1545 657 1582 in
688 1546 764 1584 hoc
800 1559 911 1584 meus
946 1560 1059 1584 error.
1122 1548 1354 1585 Ferendus?
1397 1546 1520 1583 immo

188 1623 279 1647 vero
309 1609 427 1648 etiam
456 1609 714 1649 adiuvandus.
776 1612 838 1649 De
868 1612 1030 1650 Othone
1060 1612 1209 1658 diffido,
1236 1613 1398 1650 fortasse
1428 1611 1520 1660 quia
1540 1623 1563 1649 2

187 1675 316 1724 cupio.
376 1676 453 1713 Sed
486 1683 617 1713 tamen
654 1676 776 1714 maior
814 1676 932 1715 etiam
967 1691 1026 1715 res
1066 1686 1124 1716 est
1162 1690 1281 1726 quam
1317 1678 1519 1714 facultates

189 1748 354 1786 nostrae,
391 1740 617 1790 praesertim
656 1741 877 1780 adversario
912 1750 950 1780 et
984 1742 1131 1792 cupido
1170 1750 1209 1780 et
1246 1743 1443 1792 locuplete
1482 1748 1519 1779 et

188 1805 342 1843 herede.
392 1805 618 1843 Proximum
640 1813 698 1843 est
719 1814 761 1844 ut
781 1806 897 1844 velim
921 1807 1096 1846 Clodiae.
1146 1808 1224 1845 Sed
1245 1806 1275 1844 si
1296 1806 1369 1845 ista
1390 1806 1519 1844 minus

187 1869 329 1908 confici
360 1878 534 1919 possunt,
565 1870 675 1908 effice
709 1870 874 1920 quidvis.
938 1874 1022 1922 Ego
1058 1886 1120 1910 me
1153 1871 1300 1910 maiore
1334 1871 1520 1921 religione

188 1947 307 1984 quam
337 1935 546 1984 quisquam
577 1934 648 1973 fuit
678 1935 792 1974 ullius
814 1936 893 1975 voti
924 1937 1157 1975 obstrictum
1187 1944 1294 1986 putO.
1353 1936 1519 1974 Videbis

188 1998 305 2037 etiarn
326 2000 612 2047 Trebonianos,
637 1999 708 2038 etsi
732 2001 876 2039 absunt
904 2002 1067 2040 domini.
1128 2003 1218 2049 Sed,
1241 2009 1283 2039 ut
1303 2002 1353 2040 ad
1379 2009 1416 2039 te
1438 2001 1519 2039 heri

188 2064 333 2114 scripsi,
357 2064 625 2103 considerabis
653 2065 770 2103 etiam
796 2067 846 2104 de
876 2068 1105 2106 Tusculano
1130 2081 1180 2106 ne
1207 2075 1333 2106 aestas
1364 2067 1495 2106 effluat
1510 2081 1520 2113 3

188 2130 296 2179 quod
317 2137 420 2169 certe
441 2143 521 2168 non
543 2138 601 2168 est
622 2130 964 2170 committendum.

231 2243 251 2271 4
277 2233 324 2263 Id.
342 2232 478 2264 addend.
497 2234 576 2264 coni.
591 2232 709 2265 Lamb.
838 2245 875 2273 14
900 2236 987 2266 scies
1005 2240 1095 2266 recte
1114 2235 1172 2266 M:
1196 2237 1315 2267 scribis
1332 2242 1424 2267 recte
1442 2236 1520 2266 mihi

188 2275 283 2313 (mihi
305 2287 344 2307 ex
366 2271 424 2316 Zl)
449 2277 535 2307 Boot
558 2276 766 2308 Lattmann:
797 2279 917 2309 scribis
942 2279 1006 2309 reri
1032 2284 1064 2309 te
1090 2280 1169 2309 mihi
1191 2279 1312 2311 Mam:
1342 2290 1416 2310 rere
1440 2281 1518 2318 (om.

187 2319 287 2351 scies]
309 2320 450 2361 Madvtjg·
584 2330 620 2358 15
645 2321 847 2362 cumidesse]
873 2327 985 2353 tamen
1006 2323 1037 2352 id
1056 2327 1108 2353 est
1135 2322 1342 2363 Wesenbetg:
1371 2334 1469 2363 quam
1488 2323 1518 2353 id

187 2362 231 2392 sit
255 2362 413 2403 [Wadvtgt
440 2365 522 2403 quin
541 2364 572 2394 id
589 2374 666 2394 esse
682 2363 868 2396 Lattmann
959 2366 1012 2407 ut]
1039 2372 1074 2397 ut
1100 2372 1151 2397 est
1186 2366 1328 2408 llIadwjg
1479 2376 1521 2396 22

188 2405 256 2436 Sed
275 2410 299 2438 Σ
316 2406 403 2438 Crat.
421 2418 449 2438 v.
470 2419 491 2439 c.
513 2419 520 2438 ε
544 2418 610 2438 om.
632 2412 660 2438 Δ
