1742 2651
93 98 164 135 XI.
183 98 275 134 xvii
580 100 633 135 M.
666 100 833 136 TVLLI
866 100 1171 139 CICERONIS

168 477 183 502 1

127 1509 178 1561 (¹)

158 1976 183 2003 2

249 280 384 315 XVII
430 283 497 315 Ser.
517 284 775 324 Brundisiprid.
797 285 846 315 ld.
869 290 929 315 aut
943 285 992 317 Id.
1013 286 1087 317 Iun.
1110 297 1139 317 a.
1162 296 1220 326 707
1238 288 1322 328 (47).

619 381 795 411 CICERO
821 381 992 412 ATTICO
1019 382 1119 413 SAL.

260 468 565 517 Properantibus
582 468 791 507 tabellariis
812 469 948 507 alienis
970 471 1071 508 hanc
1093 470 1299 520 epistulam
1318 471 1421 509 dedi.
1474 473 1533 508 Eo

203 532 357 570 brevior
390 540 448 571 est
478 541 515 571 et
547 535 656 583 quod
689 548 793 572 eram
830 535 1016 572 missurus
1048 544 1213 574 nostros.
1286 537 1417 574 Tullia
1447 550 1533 574 mea

203 597 309 636 venit
329 598 379 636 ad
407 612 471 636 me
495 612 548 648 pr.
574 599 671 636 Idus
698 598 832 636 Iunias
857 600 987 648 deque
1014 607 1081 638 tua
1107 614 1196 650 erga
1220 614 1261 638 se
1285 601 1533 638 observantia

203 664 558 713 benevolentiaque
587 663 685 702 mihi
713 664 881 714 plurima
910 665 1089 715 exposuit
1110 665 1335 716 litterasque
1362 666 1533 704 reddidit

202 729 330 766 trinas.
383 730 468 778 Ego
488 736 620 766 autern
642 743 688 767 ex
708 728 830 779 ipsius
850 729 1001 776 virtute,
1018 730 1270 777 humanitate,
1287 731 1431 780 pietate
1452 745 1533 769 non

203 795 324 831 modo
354 807 439 831 eam
468 795 709 844 voluptatem
741 807 820 832 non
851 795 937 844 cepi
961 808 1080 844 quam
1111 809 1250 845 capere
1276 810 1322 834 ex
1349 796 1533 846 singulari

202 858 279 896 filia
306 858 426 896 debui
458 860 528 896 sed
558 858 676 896 etiam
709 858 930 896 incredibili
964 873 1051 897 sum
1082 861 1218 898 dolore
1247 862 1424 899 adfectus
1455 863 1533 900 tale

201 923 401 972 ingenium
423 923 463 960 in
484 931 563 961 tam
586 923 727 961 misera
747 925 903 961 fortuna
922 925 1063 962 versari
1084 924 1205 975 idque
1223 925 1402 964 accidere
1421 929 1532 965 nullo

201 987 320 1037 ipsius
344 988 491 1026 delicto
514 1002 671 1026 summa
697 991 813 1039 culpa
843 1003 939 1027 mea.
1002 991 1142 1039 Itaque
1170 1004 1193 1028 a
1217 998 1254 1028 te
1283 1005 1412 1041 neque
1441 1006 1533 1029 con-

201 1052 434 1091 solationem
456 1053 532 1091 iam
555 1067 632 1103 qua
653 1067 796 1103 cupere
817 1062 855 1092 te
876 1054 931 1092 uti
951 1054 1068 1093 video
1096 1069 1169 1093 nec
1194 1056 1401 1093 consilium
1422 1058 1532 1105 quod

200 1117 287 1167 capi
312 1119 462 1155 nullum
484 1126 614 1168 potest
641 1128 826 1169 exspecto
855 1128 972 1169 teque
998 1120 1131 1158 onmia
1152 1134 1242 1158 cum
1267 1120 1531 1170 superioribus

200 1195 317 1232 saepe
338 1182 472 1221 litteris
493 1191 577 1221 tum
598 1184 785 1234 proximis
806 1192 1019 1235 temptasse
1040 1185 1235 1235 intellego.

244 1336 378 1370 XVII
392 1348 416 1370 a
505 1339 573 1371 Scr.
594 1340 755 1371 Brundisi
768 1343 839 1372 xvii
851 1342 893 1373 K.
917 1342 1030 1382 Quint.
1051 1354 1080 1373 (ι.
1103 1352 1161 1382 707
1180 1342 1264 1383 (47).

613 1429 783 1459 CICERO
807 1431 839 1459 Α
851 1430 989 1461 TTICO
1011 1430 1118 1461 SAL.

255 1513 338 1560 Ego
387 1525 477 1549 cum
522 1512 705 1550 Sallustio
746 1513 980 1551 Ciceronem
1029 1515 1079 1552 ad
1120 1515 1329 1552 Caesarem
1378 1513 1530 1552 mittere

198 1576 445 1626 cogitabam3
475 1577 646 1615 Tulliam
677 1586 809 1616 autem
840 1592 920 1615 non
949 1578 1132 1616 videbam
1164 1592 1249 1616 esse
1279 1591 1437 1616 causam
1462 1592 1530 1616 cur

198 1641 345 1680 diutius
389 1655 545 1679 mecum
594 1650 703 1681 tanto
752 1643 790 1680 in
840 1643 1043 1681 communi
1092 1657 1266 1682 maerore
1310 1643 1527 1682 retinerem.

200 1708 340 1757 Itaque
375 1706 487 1744 matri
519 1720 617 1754 eam,
650 1721 740 1745 cum
778 1708 946 1758 primum
984 1723 1053 1759 per
1087 1709 1211 1758 ipsam
1247 1708 1390 1754 liceret,
1424 1722 1529 1746 eram

198 1772 439 1811 remissurus.
500 1773 633 1819 Paeto,
650 1777 752 1822 †que
772 1775 822 1811 ad
846 1776 1010 1812 modum
1033 1773 1285 1812 consolandis
1306 1773 1526 1823 scripsisti†‚

198 1845 335 1888 putato
365 1851 411 1876 ea
440 1851 503 1876 me
534 1838 733 1888 scripsisse
764 1853 865 1889 quae
896 1848 936 1877 tu
968 1840 1051 1890 ipse
1081 1839 1272 1889 intellegis
1302 1839 1529 1889 responderi

199 1903 384 1953 potuisse.

255 1968 376 2016 Quod
408 1969 584 2019 Oppium
618 1978 749 2009 tecum
785 1970 921 2009 scribis
957 1972 1144 2017 locutum,
1180 1984 1259 2009 non
1293 1970 1476 2008 abhorret
1507 1982 1530 2007 a

201 2046 287 2071 mea
321 2034 545 2084 suspicione
584 2035 666 2074 eius
707 2035 840 2074 oratio.
905 2037 983 2073 Sed
1024 2050 1103 2074 non
1143 2035 1282 2074 dubito
1317 2034 1411 2084 quin
1446 2034 1528 2072 istis

246 2146 282 2175 15
305 2137 380 2168 ln'nc
396 2149 517 2169 novam
536 2140 709 2179 epistulam
727 2140 835 2179 incipit
852 2138 1002 2169 Schmidt
1120 2150 1161 2170 20
1179 2140 1275 2170 matri
1294 2149 1367 2170 eam
1384 2139 1505 2169 Rosius
1521 2151 1526 2169 :

199 2182 354 2212 ematiam
366 2181 423 2212 M:
442 2193 515 2212 eam
529 2182 588 2213 tibi
603 2183 666 2213 iam
679 2183 707 2213 L
721 2184 875 2223 (margstz
896 2183 1041 2221 Egnatia
1054 2194 1126 2213 eam
1139 2182 1288 2213 Sclmudt
1362 2193 1399 2213 21
1421 2183 1528 2214 Paeto

198 2225 349 2255 Schmidt
374 2224 517 2256 Mulier:
551 2237 612 2266 pro
636 2238 676 2257 ea
698 2226 784 2257 codd.
803 2227 891 2266 vulg.
984 2237 1083 2265 quam
1106 2227 1147 2257 ad
1170 2227 1304 2256 modum
1322 2226 1529 2256 consolantis

199 2269 363 2308 scripsisti
392 2271 503 2309 vulga:
540 2271 597 2309 qui
625 2272 668 2301 ad
695 2271 829 2300 modum
854 2270 1063 2300 consolantis
1092 2270 1224 2310 scripsit
1250 2271 1330 2300 mihi
1355 2269 1529 2300 Schmidt:

198 2323 296 2350 quem
314 2314 356 2343 ad
375 2314 510 2343 modurn
530 2314 719 2344 consulenti
737 2314 898 2353 scripsisti
918 2312 1041 2343 Mzssiller
1165 2324 1204 2343 22
1230 2319 1345 2352 putato
1363 2324 1402 2343 ea
1420 2311 1527 2343 Mala-

198 2356 314 2395 spina:
351 2357 384 2387 P.
406 2361 498 2387 tanta
520 2368 561 2387 eo
584 2357 697 2388 codd:
735 2359 834 2397 pudet
861 2363 950 2387 tanta
974 2368 1015 2386 co
1041 2357 1069 2386 C
1088 2368 1126 2387 ex
1147 2358 1224 2387 coni.
1246 2357 1385 2388 Ascerszsi
1400 2356 1460 2393 (ed.
1486 2358 1526 2396 1),

198 2401 233 2435 171
255 2400 429 2430 Lehmann
451 2400 554 2431 ‘Ati'
571 2410 622 2437 59.
643 2403 686 2431 60

1556 945 1589 966 10

1553 1724 1590 1744 20

1551 2050 1587 2080 25
