1742 2651
610 141 722 178 EPP.
754 141 830 177 AD
862 139 1120 177 ATTICVM
1468 135 1537 170 XI.
1562 143 1624 168 xx

203 259 314 296 spem
335 247 522 298 explorati
543 249 743 287 haberent.
803 249 880 286 Sed
902 255 940 286 et
959 247 1034 285 alia
1062 246 1237 284 timenda
1258 252 1348 283 sunt
1374 245 1424 282 ab
1445 243 1529 282 aliis

208 313 455 363 Qus'ntz'sque,
492 322 530 352 et
568 315 618 352 ab
659 316 734 352 hoc
773 314 859 364 ipso
894 327 994 363 quae
1028 314 1182 358 dantur,
1219 319 1261 349 ut
1295 325 1318 348 a
1352 310 1530 355 domino,

203 391 333 416 rursus
354 378 393 416 in
414 379 593 418 eiusdem
620 387 711 417 sunt
737 386 940 429 potestate.
1002 378 1131 416 Etiam
1163 376 1347 415 Sallustio
1369 375 1527 426 ignovit.

204 443 381 482 Omnino
402 444 544 482 dicitur
564 444 713 483 nemini
734 458 899 494 negare3
929 445 1038 494 quod
1059 443 1188 493 ipsum
1210 450 1267 481 est
1289 449 1527 491 suspectum,
1550 452 1574 479 2

167 519 183 550 5
203 508 406 546 notionem
432 509 515 547 eius
542 510 696 548 differri.
758 512 812 548 M.
838 509 987 548 Gallius
1010 510 1058 557 Q.
1083 510 1105 546 f.
1130 508 1327 557 mancipia
1348 506 1530 545 Sallustio

203 573 384 611 reddidit.
447 576 486 611 Is
513 574 618 612 venit
643 582 685 612 ut
711 575 885 625 legiones
912 574 951 612 in
980 574 1150 612 Siciliam
1180 574 1409 611 traduceret.
1470 574 1531 610 Eo

203 637 380 687 protinus
402 638 545 677 iturum
568 640 777 679 Caesarem
799 639 933 677 Patris.
985 640 1107 687 Quod
1128 638 1157 676 si
1180 638 1294 676 faciet
1316 651 1398 687 ego,
1422 638 1531 687 quod

203 710 294 741 ante
329 705 496 751 mallem,
529 704 663 754 aliquo
697 704 856 754 propius
894 706 1092 742 accedam.
1152 705 1259 741 Tuas
1298 703 1443 740 litteras
1480 703 1531 740 ad

203 781 268 806 eas
298 769 442 818 quibus
471 783 494 807 a
524 777 561 808 te
590 770 766 820 proxime
796 769 1005 808 consilium
1039 768 1158 819 petivi
1188 770 1441 807 vehementer
1472 783 1532 807 ex-

147 849 185 871 10
203 842 349 884 specto.
411 836 519 873 Vale.
578 847 649 872 xvl
675 837 762 873 Kal.
787 834 1038 886 Septembris.

245 989 356 1025 XXI
460 993 528 1025 Ser.
549 993 713 1024 Brundisi
726 994 760 1024 vi
772 997 833 1024 aut
848 1005 867 1024 v
883 994 925 1024 K.
947 994 1034 1034 Sept.
1057 1005 1086 1025 a.
1110 1004 1168 1034 707
1186 994 1270 1033 (47).

608 1081 784 1113 CICERO
816 1082 987 1113 ATTICO
1021 1082 1116 1114 SAL.

256 1171 405 1221 Accepi
434 1183 473 1208 vl
499 1173 584 1209 Kal.
610 1172 714 1221 Sept.
738 1171 882 1209 litteras
903 1185 924 1208 a
947 1180 983 1208 te
1008 1172 1117 1209 datas
1143 1183 1202 1208 xii
1229 1172 1315 1208 Kal.
1339 1171 1530 1209 dolorem·
1550 1183 1567 1210 1

202 1249 279 1285 que
319 1250 436 1286 quem
476 1250 522 1274 ex
558 1236 697 1285 Quinti
737 1238 881 1274 scelere
913 1236 990 1274 iam
1025 1236 1177 1286 pridem
1212 1244 1419 1286 acceptum
1454 1236 1531 1274 iam

146 1314 183 1345 15
202 1301 436 1347 abieceram7
461 1303 561 1339 lecta
590 1301 672 1339 eius
703 1301 869 1351 epistula
902 1301 1173 1351 gravissimum
1209 1302 1305 1351 cepi.
1365 1303 1428 1339 Tu
1460 1301 1531 1339 etsi

203 1379 283 1404 non
306 1366 466 1416 potuisti
495 1368 575 1405 ullo
603 1367 724 1405 modo
745 1368 871 1404 facere
897 1374 938 1404 ut
960 1366 1054 1403 mihi
1080 1366 1185 1404 illam
1213 1366 1422 1416 epistulam
1450 1381 1531 1405 non

203 1431 387 1479 mitteres,
411 1440 542 1469 tamen
564 1433 720 1469 mallem
742 1445 822 1470 non
844 1445 928 1469 esse
951 1431 1119 1469 missam.

257 1498 321 1534 Ad
343 1510 388 1535 ea
407 1505 539 1535 autem
568 1510 668 1546 quae
696 1496 831 1534 scribis
853 1497 903 1534 de
928 1504 1174 1543 testamento,
1198 1496 1350 1535 videbis
1377 1496 1473 1546 quid
1494 1504 1531 1535 et

204 1575 284 1611 quo
302 1563 433 1601 modo.
478 1564 539 1600 De
556 1562 728 1600 nummis
745 1570 782 1601 et
803 1562 867 1599 illa
884 1561 938 1599 sic
959 1561 1111 1611 scripsit
1133 1570 1173 1599 ut
1190 1576 1263 1611 ego
1279 1564 1329 1600 ad
1351 1570 1388 1600 te
1403 1570 1529 1611 antea,

145 1641 185 1663 20
204 1634 242 1665 et
263 1641 346 1674 1108,
370 1628 400 1665 si
422 1627 517 1677 quid
539 1641 638 1677 opus
659 1627 740 1674 erit,
764 1635 919 1666 utemur
939 1641 985 1665 ex
1006 1641 1053 1665 eo
1074 1628 1124 1665 de
1146 1640 1225 1676 quo
1246 1627 1392 1665 scribis.

260 1694 331 1731 Ille
351 1695 401 1731 ad
427 1694 512 1730 Kal.
537 1694 640 1742 Sept.
664 1692 833 1731 Athenis
860 1706 941 1730 non
962 1692 1115 1730 videtur
1136 1693 1227 1730 fore.
1289 1694 1417 1730 Multa
1441 1707 1530 1731 eum
1550 1703 1575 1731 2

203 1758 242 1796 in
263 1758 358 1796 Asia
379 1758 563 1796 dicuntur
583 1758 735 1805 morari,
759 1757 927 1795 maxime
950 1758 1181 1796 Pharnaces.
1243 1758 1364 1808 Legio
1385 1770 1457 1805 xil,
1481 1760 1532 1797 ad

203 1837 322 1873 quam
344 1823 509 1873 primam
532 1824 638 1861 Sulla
657 1823 774 1870 venit,
793 1823 990 1873 lapidibus
1007 1822 1131 1871 egisse
1152 1823 1354 1861 hominem
1376 1824 1528 1862 dicitur.

204 1891 364 1927 Nullam
392 1897 531 1939 putant
558 1902 599 1927 se
629 1896 929 1927 commoturam.
991 1889 1108 1926 Illum
1137 1888 1426 1927 arbitrabantur
1449 1904 1533 1940 pro-

146 1965 184 1996 25
204 1953 308 1992 tinus
344 1953 467 1991 Patris
500 1953 538 1990 in
571 1953 754 1991 Siciliam.
815 1954 894 1992 Sed
926 1952 956 1991 si
992 1954 1067 1991 hoc
1100 1953 1153 1990 ita
1187 1961 1258 1999 est,
1293 1955 1370 1992 huc
1404 1955 1534 1993 veniat

204 2032 365 2057 necesse
395 2026 463 2057 est.
522 2020 582 2056 Ac
604 2020 760 2057 mallem
782 2018 967 2066 †illum†;
996 2018 1129 2068 aliquo
1160 2018 1264 2057 enim
1296 2021 1418 2058 modo
1442 2021 1534 2059 hinc

205 2084 425 2122 evasissem.
487 2085 605 2122 Nunc
636 2092 770 2122 metuo
791 2098 840 2123 ne
862 2084 909 2122 sit
937 2085 1247 2133 exspectandum
1269 2093 1307 2122 et
1334 2099 1425 2124 cum
1452 2086 1534 2125 reli-

205 2149 292 2199 quis
313 2149 430 2188 etiam
452 2148 528 2187 loci
548 2149 714 2198 gravitas
735 2150 827 2188 huic
848 2149 1087 2188 miserrimae
1108 2151 1348 2199 perferenda.

252 2264 279 2293 1,
296 2264 315 2283 2
339 2254 380 2284 ab
400 2253 474 2283 aliis
492 2253 695 2293 Quintisque
719 2253 895 2284 Lelmmmz
912 2266 917 2284 :
950 2254 991 2284 ab
1012 2254 1152 2293 aliisque
1172 2255 1231 2285 M:
1265 2255 1307 2285 ab
1325 2255 1399 2285 aliis
1416 2254 1535 2285 Ascen-

205 2298 274 2327 sius
416 2307 435 2335 5
460 2298 667 2327 mentionem
686 2298 752 2327 mei
769 2297 856 2328 Reid
869 2298 935 2328 coll.
958 2308 1009 2327 21.
1028 2298 1120 2336 gfin.
1271 2301 1292 2328 6
1317 2299 1366 2329 Eo
1379 2299 1424 2329 C:
1449 2304 1482 2329 et
1499 2298 1541 2328 Μ

210 2351 249 2371 10
272 2341 371 2381 Vale]
390 2341 465 2371 ln‘nc
479 2342 596 2370 iterum
613 2340 720 2380 incipit
739 2340 785 2370 W
882 2351 940 2371 xvr
959 2341 1019 2371 M:
1054 2351 1117 2371 xm
1140 2339 1184 2371 Π]
1327 2353 1367 2379 23
1392 2344 1534 2382 primam

209 2384 411 2415 Gronovius:
447 2385 592 2424 primum
617 2384 705 2414 codd.
837 2385 979 2415 eiecisse
1007 2384 1126 2415 Orelli:
1161 2386 1315 2425 exegisse
1348 2386 1538 2427 ll'escnlmg

206 2438 244 2466 24
271 2429 474 2459 arbitrantur
495 2428 541 2458 W
668 2428 710 2457 26
736 2428 817 2458 illim
837 2428 1051 2467 Orcllz'1forl.
1073 2429 1151 2459 illuc
