1742 2651
569 134 681 176 EPP.
714 139 791 175 AD
821 138 1082 184 ATTICVM
1393 139 1503 176 XVI.
1523 138 1600 175 xvi
1616 148 1636 175 c

160 247 394 299 intellegam,
418 263 481 288 me
500 263 522 287 a
543 256 581 288 te
602 250 769 287 multum
792 248 924 287 amari.
985 249 1214 288 Buthrotios
1235 263 1325 287 cum
1348 251 1492 288 Caesar
1511 261 1545 287 11

158 315 318 352 decreto
353 328 426 353 suo
460 316 569 364 quod
601 328 673 364 ego
708 314 911 364 obsignavi
945 327 1035 352 cum
1072 314 1203 352 multis
1238 315 1490 364 amplissimis

157 379 246 417 viris
276 379 516 417 liberavisset
540 379 857 429 ostendissetque
885 379 1000 417 nobis
1027 393 1082 426 se,
1102 393 1193 417 cum
1221 380 1357 429 agrarii
1386 394 1491 418 mare

157 444 396 491 transissent,
420 444 564 483 litteras
591 444 800 482 missurum
821 458 939 494 quem
967 444 1007 482 in
1033 458 1168 494 agrum
1190 446 1492 492 deducerentur,

118 523 135 553 5
155 508 299 547 accidit
329 517 371 547 ut
401 509 532 547 subito
566 509 630 548 ille
664 509 845 547 interiret.
909 509 1066 547 Deinde
1096 523 1215 559 quem
1244 511 1295 548 ad
1326 511 1490 548 modum

156 580 197 610 tu
219 573 294 611 scis
316 573 541 623 <interfuisti
563 574 699 625 enim),
720 587 811 612 cum
836 575 1018 612 consules
1045 582 1241 623 oporteret
1263 588 1308 613 ex
1333 583 1490 613 senatus

155 639 337 676 consulto
358 640 408 677 de
428 638 524 676 actis
547 638 724 677 Caesaris
745 651 993 688 cognoscere,
1013 651 1072 676 res
1092 639 1142 676 ab
1164 638 1209 676 iis
1230 639 1268 676 in
1294 641 1380 677 Kal.
1402 641 1487 678 Iun.

155 703 276 742 dilata
300 712 368 742 est.
429 703 606 742 Accessit
627 705 678 742 ad
699 712 856 742 senatus
885 705 1109 741 consultum
1132 706 1192 742 lex
1213 718 1314 754 quae
1335 706 1412 743 lata
1433 713 1490 743 est

154 781 187 806 a.
220 770 256 806 d.
286 781 347 806 1111
378 770 481 807 Non.
508 767 648 821 [Iun.],
672 782 774 818 quae
807 770 868 806 lex
897 782 1030 806 earum
1061 783 1187 807 rerum
1219 783 1316 818 quas
1347 771 1491 809 Caesar

96 846 136 869 10
155 833 364 878 statuisset,
383 834 629 880 decrevisset,
653 833 804 883 egisset,
828 833 1057 872 consulibus
1079 834 1344 883 cognitionem
1367 835 1487 873 dedit.

155 899 286 938 Causa
326 898 621 937 Buthrotiorum
660 900 790 937 delata
830 907 887 937 est
926 900 977 937 ad
1017 901 1209 938 consules.
1276 902 1489 938 Decretum

155 963 333 1003 Caesaris
367 963 572 1001 recitatum
607 971 665 1001 est
699 971 737 1001 et
771 963 884 1001 multi
918 972 1118 1014 praeterea
1156 964 1276 1002 libelli
1312 965 1489 1004 Caesaris

152 1028 303 1078 prolati.
364 1029 559 1068 Consules
589 1029 639 1066 de
670 1028 809 1066 consili
841 1028 1035 1067 sententia
1069 1030 1325 1067 decreverunt
1355 1044 1491 1068 secun-

153 1095 249 1132 dum
272 1093 501 1132 Buthrotios
529 1124 536 1131 .
561 1124 568 1131 .
592 1124 599 1131 .
625 1095 815 1131 Plancum
837 1095 1042 1132 dederunt.
1104 1096 1232 1141 Nunc,
1257 1094 1310 1132 mi
1333 1095 1486 1144 Capito,
1509 1106 1551 1134 12

97 1171 133 1202 15
153 1158 253 1209 (scio
280 1158 386 1196 enim
410 1166 603 1207 quantum
634 1172 788 1208 semper
813 1160 920 1208 apud
945 1172 1012 1197 eos
1033 1158 1270 1208 quibuscum
1299 1159 1349 1197 sis
1374 1173 1489 1209 posse

152 1225 289 1270 soleas,
319 1236 367 1261 eo
397 1225 484 1273 plus
513 1224 619 1273 apud
649 1223 852 1261 hominem
883 1223 1112 1262 facillimum
1145 1232 1264 1274 atque
1294 1225 1490 1262 humanis-

153 1288 297 1326 simum
320 1287 540 1337 Plancum),
561 1287 717 1334 enitere,
738 1288 896 1326 elabora
915 1290 976 1327 vel
997 1288 1128 1338 potius
1149 1289 1361 1336 eblandire‚
1381 1291 1490 1328 effice

153 1362 194 1392 ut
231 1356 399 1392 Plancus
439 1367 558 1403 quem
599 1367 713 1403 spero
752 1353 947 1403 optimum
986 1367 1071 1392 esse
1110 1354 1158 1392 sit
1197 1354 1315 1393 etiam
1355 1355 1492 1393 melior

153 1433 272 1469 opera
302 1428 378 1457 tua.
439 1418 617 1457 Omnino
649 1433 708 1457 res
740 1419 856 1456 huius
886 1419 995 1457 modi
1026 1419 1121 1456 mihi
1152 1419 1305 1458 videtur
1334 1434 1418 1458 esse
1448 1427 1489 1458 ut

95 1497 134 1519 20
153 1484 237 1522 sine
257 1484 490 1533 cuiusquam
512 1483 633 1533 gratia
654 1485 822 1521 Plancus
846 1484 929 1534 ipse
950 1497 1020 1533 pro
1041 1483 1199 1534 ingenio
1224 1492 1262 1522 et
1282 1485 1490 1534 prudentia

153 1563 223 1587 sua
252 1563 332 1587 non
363 1549 411 1587 sit
438 1548 688 1587 dubitaturus
718 1548 813 1598 quin
844 1550 1045 1587 decretum
1077 1550 1285 1586 consulum
1321 1562 1487 1599 quorum

152 1622 190 1652 et
224 1616 308 1664 lege
338 1622 376 1653 et
406 1622 563 1652 senatus
596 1615 778 1652 consulto
809 1613 981 1663 cognitio
1015 1621 1053 1651 et
1084 1613 1273 1652 iudicium
1304 1614 1375 1652 fuit
1399 1628 1489 1653 con-

152 1686 288 1725 servet,
311 1679 537 1729 praesertim
568 1693 657 1716 cum
686 1680 763 1716 hoc
789 1692 931 1727 genere
958 1678 1229 1728 cognitionum
1254 1679 1489 1718 labefactato

151 1752 239 1781 acta
260 1743 438 1782 Caesaris
463 1743 503 1780 in
524 1742 691 1781 dubium
713 1750 876 1781 ventura
896 1742 1115 1790 videantur,
1135 1756 1236 1792 quae
1261 1757 1341 1781 non
1366 1745 1489 1782 modo

95 1821 133 1851 25
152 1808 177 1846 ii
194 1821 361 1858 quorum
383 1808 543 1846 interest
564 1809 633 1846 sed
654 1807 771 1846 etiam
792 1807 817 1845 ii
834 1807 901 1857 qui
922 1807 986 1845 illa
1006 1820 1086 1845 non
1107 1808 1275 1857 probant
1296 1807 1350 1846 oti
1371 1822 1489 1847 causa

153 1873 375 1911 confirmari
394 1873 525 1911 velint.
587 1873 708 1921 Quod
736 1886 826 1910 cum
854 1872 908 1910 ita
934 1872 992 1919 sit,
1017 1880 1149 1910 tamen
1176 1872 1335 1911 interest
1357 1881 1487 1911 nostra
1508 1881 1550 1918 13

154 1941 344 1977 Plancum
375 1940 451 1976 hoc
480 1937 615 1976 animo
641 1937 779 1976 libenti
808 1937 1038 1988 prolixoque
1068 1939 1194 1976 facere
1210 1953 1219 1985 3
1248 1939 1357 1988 quod
1384 1946 1487 1977 certe

152 2004 278 2051 faciet,
297 2004 327 2041 si
349 2011 390 2042 tu
411 2005 594 2042 nervulos
611 2010 700 2041 tuos
721 2002 817 2040 mihi
838 2016 954 2053 saepe
976 2003 1155 2053 cognitos
1176 2003 1488 2053 suavitatemque

152 2082 231 2118 qua
257 2082 375 2107 nemo
402 2068 473 2106 tibi
494 2082 562 2118 par
589 2075 646 2106 est
673 2067 909 2106 adhibueris
971 2069 1092 2116 Quod
1114 2076 1156 2106 ut
1177 2067 1295 2106 facias
1316 2076 1354 2107 te
1374 2070 1487 2107 vehe-

92 2147 134 2177 30
153 2141 305 2172 menter
325 2147 429 2183 rogo.

196 2247 217 2275 9
243 2236 316 2268 Iun.
333 2236 392 2267 del.
417 2236 605 2277 lsVesenlJerg
729 2247 766 2275 14
792 2236 920 2267 litteras
946 2237 987 2266 ad
1011 2240 1087 2267 ante
1112 2236 1270 2267 Plancum
1296 2236 1372 2267 add.
1391 2235 1484 2268 Man.

152 2280 219 2311 coll.
242 2281 312 2317 §62
337 2280 546 2319 cognitorem
568 2279 642 2311 add.
666 2279 782 2310 Orelli:
818 2280 980 2310 arbitrum
999 2283 1074 2320 post
1094 2280 1251 2311 Plancum
1270 2280 1346 2311 add.
1367 2279 1488 2311 Maller

156 2333 196 2363 19
220 2323 297 2354 mihi
316 2323 414 2355 Rom.
435 2336 442 2354 ε
466 2334 540 2354 mea
557 2323 596 2354 I:
619 2335 686 2354 om.
705 2323 803 2354 Klots
