1742 2651
91 114 200 151 XIV.
225 113 269 149 ix
617 113 672 150 M.
705 113 874 150 TVLLI
906 113 1213 151 CICERONIS

241 223 463 262 consiliario
502 223 663 273 quidem
704 231 741 261 et
780 230 940 262 auctore
966 223 1161 270 Vestorio,
1194 230 1235 261 ut
1270 224 1346 261 hoc
1384 224 1574 261 damnum

241 297 523 338 quaestuosum
554 288 613 325 sit.

198 367 222 393 2
298 353 378 391 Hic
404 354 517 391 turba
546 367 687 402 magna
708 361 765 391 est
787 352 950 402 eritque,
972 360 1013 391 ut
1033 353 1167 401 audio,
1188 353 1320 391 maior.
1382 355 1474 391 Duo
1495 353 1576 403 qui-

241 419 333 456 dem
364 418 475 467 quasi
506 417 700 467 designati
730 419 923 455 consules.
984 418 1020 456 O
1052 417 1091 456 di
1120 418 1238 456 boni!
1268 418 1360 456 vivit
1390 417 1576 467 tyrannis,

241 491 427 532 tyrannus
475 482 644 520 occidit!
704 482 799 519 Eius
839 481 1033 520 interfecti
1074 490 1198 521 morte
1238 485 1426 521 laetamur
1464 482 1612 524 cuius5

241 549 341 586 facta
375 549 649 586 defendimus!
711 549 851 597 Itaque
890 561 1010 597 quam
1050 561 1182 586 severe
1214 562 1286 586 nos
1323 550 1378 586 M.
1417 548 1575 587 Curtius

239 621 397 651 accusat
418 621 460 650 ut
482 614 628 662 pudeat
650 612 788 659 vivere,
813 626 943 662 neque
964 612 1113 650 iniuria.
1175 614 1278 651 Nam
1302 613 1399 651 mori
1422 613 1574 652 miliens

240 677 429 728 praestitit
469 691 587 727 quam
629 679 727 716 haec
776 677 855 727 pati
896 690 997 727 quae
1039 677 1135 715 mihi
1174 677 1356 716 videntur
1394 678 1575 716 habitura

240 743 358 781 etiam
390 750 634 781 vetustatem.

196 817 220 852 3
294 810 344 846 Et
374 808 520 846 Balbus
546 807 609 845 hic
637 815 695 846 est
725 810 974 858 multumque
999 821 1166 847 mecum.
1226 810 1290 847 Ad
1317 822 1435 858 quem
1457 822 1480 847 a
1499 811 1574 847 Ve-
1598 821 1637 845 ιο

239 881 319 912 tere
349 873 498 912 litterae
530 875 645 912 datae
678 873 802 923 pridie
830 875 916 911 Kal.
948 875 1101 912 Ianuar.
1134 887 1225 911 cum
1254 888 1278 912 a
1307 888 1347 912 se
1378 874 1573 913 Caecilius

238 938 590 977 circumsederetur
629 947 667 977 et
706 939 783 976 iam
824 947 1030 985 teneretur,
1073 939 1226 977 venisse
1265 953 1355 977 cum
1396 939 1573 977 maximis

239 1004 362 1054 copiis
386 1006 577 1042 Pacorum
612 1005 798 1042 Parthum
817 1019 824 1049 ;
855 1003 907 1042 ita
928 1004 1002 1042 sibi
1024 1018 1109 1042 esse
1130 1018 1220 1042 eurn
1242 1012 1419 1054 ereptum
1441 1004 1573 1042 multis

239 1070 317 1108 suis
351 1069 514 1108 amissis.
592 1071 638 1107 In
679 1083 757 1119 qua
796 1083 835 1107 re
873 1077 1032 1107 accusat
1065 1069 1309 1107 Volcacium.
1382 1070 1443 1107 Ita
1477 1068 1572 1106 mihi

237 1134 390 1173 videtur
429 1135 576 1172 bellum
618 1134 713 1172 illud
755 1133 907 1172 instare.
987 1135 1065 1172 Sed
1114 1134 1323 1172 Dolabella
1361 1141 1399 1172 et
1440 1133 1572 1172 Nicias
1596 1147 1632 1178 15

239 1199 415 1238 viderint.
478 1200 592 1237 Idem
617 1200 763 1237 Balbus
793 1200 955 1237 meliora
976 1200 1026 1237 de
1048 1199 1185 1237 Gallia.
1246 1211 1319 1236 xxl
1342 1198 1406 1237 die
1427 1198 1572 1237 litteras

239 1265 409 1303 habebat
443 1266 663 1302 Germanos
686 1264 850 1314 illasque
881 1264 1060 1302 nationes
1092 1278 1130 1302 re
1160 1264 1295 1302 audita
1324 1265 1374 1302 de
1404 1265 1572 1303 Caesare

237 1331 384 1379 legatos
416 1329 567 1368 misisse
597 1331 647 1368 ad
676 1330 881 1368 Aurelium
907 1330 974 1380 qui
1002 1338 1059 1368 est
1088 1329 1331 1380 praepositus
1351 1329 1402 1367 ab
1426 1329 1568 1375 Hirtio,

236 1410 277 1433 se
312 1397 420 1445 quod
456 1395 689 1445 imperatum
731 1403 833 1434 esset
868 1409 953 1434 esse
988 1397 1169 1434 facturos.
1241 1394 1349 1444 Quid
1389 1395 1572 1445 quaeris?

237 1460 370 1498 omnia
390 1462 506 1511 plena
527 1461 645 1511 pacis,
667 1461 778 1499 aliter
797 1475 843 1499 ac
865 1460 960 1498 mihi
982 1462 1157 1500 Calvena
1176 1460 1335 1499 dixerat.
1595 1477 1634 1499 20

279 1567 321 1601 X
525 1570 594 1602 Ser.
616 1571 649 1600 in
669 1570 823 1601 Cunumo
839 1571 956 1601 .2·1'1'1'K.
978 1569 1058 1601 Mai.
1083 1581 1113 1601 a.
1137 1580 1193 1609 710
1214 1570 1299 1611 (44).

646 1647 815 1678 CICERO
846 1647 878 1676 Α
890 1647 1028 1678 TTICO
1058 1647 1163 1678 SAL.

202 1729 218 1755 1
294 1722 406 1758 Itane
441 1722 561 1758 vero?
607 1722 681 1757 boc
720 1734 829 1758 meus
863 1727 900 1758 et
937 1728 1026 1758 tuus
1061 1723 1204 1758 Brutus
1236 1719 1311 1770 egit
1348 1727 1387 1758 ut
1419 1719 1569 1757 Lanuvi

238 1792 355 1827 esset,
379 1793 420 1822 ut
441 1784 664 1823 Trebonius
697 1785 900 1823 itineribus
929 1785 1052 1823 deviis
1082 1784 1393 1835 proficisceretur
1419 1784 1458 1822 in
1486 1798 1571 1834 pro-

238 1850 418 1896 vinciam,
448 1858 489 1887 ut
521 1849 655 1887 onmia
688 1852 803 1895 facta,
833 1850 990 1900 scripta,
1019 1850 1135 1896 dicta,
1168 1849 1368 1899 promissa,
1401 1849 1570 1898 cogitata
1592 1865 1629 1896 25

239 1915 416 1954 Caesaris
444 1917 530 1964 plus
558 1917 731 1953 valerent
759 1929 878 1965 quam
904 1915 934 1953 si
963 1915 1046 1965 ipse
1076 1914 1250 1953 viveret?
1299 1913 1570 1952 Meministine

239 1994 295 2017 me
314 1982 481 2018 clamare
507 1980 572 2018 illo
599 1980 684 2031 ipso
706 1981 833 2031 primo
851 1980 1078 2031 Capitolino
1099 1980 1163 2019 die
1183 1981 1309 2017 debere
1328 1987 1508 2017 senatum
1530 1979 1569 2017 in

240 2045 480 2095 Capitolium
500 2060 523 2083 a
545 2046 788 2096 praetoribus
811 2046 939 2085 vocari
958 2049 974 2084 ?
1023 2045 1073 2084 Di
1095 2046 1345 2091 immortales,
1364 2059 1465 2095 quae
1486 2052 1569 2083 tum

240 2125 358 2161 opera
382 2111 481 2149 effici
509 2120 720 2161 potuerunt
749 2112 984 2150 laetantibus
1011 2111 1197 2149 omnibus
1224 2110 1354 2157 bonis,
1373 2110 1490 2148 etiam
1512 2118 1571 2148 sat

242 2175 365 2221 bonis,
393 2176 521 2214 fractis
549 2177 788 2215 latronibus!
830 2176 1024 2214 Liberalia
1051 2184 1091 2214 tu
1119 2189 1290 2214 accusas.
1352 2174 1461 2223 Quid
1488 2175 1569 2214 fieri
1591 2190 1632 2220 30

284 2289 303 2318 5
329 2281 497 2312 interfecti
516 2281 572 2312 del.
592 2281 676 2311 Boot
789 2292 828 2312 10
846 2281 976 2322 Etsort.
994 2281 1165 2311 dele’ndmn
1274 2290 1307 2310 11
1336 2280 1504 2310 Caecilius
1523 2281 1569 2310 C:

241 2324 372 2354 catilius
389 2324 429 2353 M
569 2335 609 2363 27
636 2335 688 2354 me
706 2324 783 2355 add.
801 2323 921 2354 Lamb.
1069 2325 1194 2355 debere
1218 2323 1292 2354 add.
1312 2327 1388 2363 pos!
1404 2324 1457 2354 die
1476 2323 1566 2363 Retd,

239 2371 314 2398 ante
332 2367 372 2397 Di
391 2368 532 2398 MzHler:
559 2374 719 2407 oportere
737 2372 811 2398 ante
827 2368 940 2398 vocari
959 2367 1033 2398 add.
1054 2367 1178 2398 Sclziitz
1194 2368 1259 2398 coll.
1277 2377 1332 2399 xv,
1354 2377 1400 2397 11.
1419 2377 1439 2397 2
