1742 2651
94 98 188 133 XII.
212 97 352 133 xxxvi
587 99 641 133 M.
675 99 840 134 TVLLI
875 98 1181 135 CICERONIS

214 208 342 246 habeo
367 222 415 246 ne
444 222 505 247 me
534 209 694 258 quidem
725 208 852 258 ipsum
875 208 1035 257 quicum
1057 216 1135 246 tam
1157 210 1341 248 audacter
1367 222 1541 248 commu-

212 273 340 310 nicem
371 287 489 322 quam
522 282 662 311 tecum.
737 273 804 311 Sin
837 273 906 311 tibi
942 287 1012 319 res,
1045 273 1075 311 si
1107 275 1227 319 locus,
1259 274 1290 311 si
1320 273 1540 312 institutum

212 339 349 387 placet,
374 340 468 387 lege,
493 352 650 388 quaeso,
674 340 797 387 legem
822 337 998 387 mihique
1019 351 1106 375 eam
1137 338 1256 376 mitte.
1316 338 1357 376 Si
1381 338 1476 388 quid
1500 338 1540 376 in

212 411 385 442 mentem
407 404 535 441 veniet
557 417 636 452 quo
659 405 779 441 modo
801 417 887 441 eam
909 404 1078 451 effugere
1099 403 1304 453 possimus,
1329 412 1492 442 utemur.

167 476 191 503 2
265 469 330 506 Ad
361 471 525 506 Brutum
553 468 584 506 si
612 469 706 518 quid
738 468 894 515 scribes,
924 468 997 505 nisi
1025 468 1196 506 alienum
1224 468 1390 518 putabis,
1414 468 1540 506 obiur-
1561 479 1577 509 5

209 541 300 583 gato
321 548 410 571 eum
428 535 536 583 quod
553 534 592 571 in
611 536 793 573 Cumano
815 548 900 572 esse
921 534 1089 572 noluerit
1106 542 1262 584 propter
1278 548 1364 571 eam
1381 548 1539 572 causam

210 611 328 646 quam
364 597 433 635 tibi
468 597 556 635 dixi.
630 598 827 647 Cogitanti
867 598 972 636 enim
1012 598 1108 635 mihi
1147 598 1243 635 nihil
1276 606 1354 635 tam
1388 597 1541 635 videtur

209 662 382 711 potuisse
404 664 529 700 facere
550 663 701 700 rustice.
764 665 813 700 Et
834 662 865 700 si
887 662 956 700 tibi
978 662 1148 712 placebit
1169 662 1224 699 sic
1244 676 1356 712 agere
1377 663 1427 700 de
1448 663 1539 699 fano

208 734 250 764 ut
280 727 494 776 coepimus,
518 727 633 765 velim
664 729 868 765 cohortere
898 735 936 765 et
966 741 1131 765 exacuas
1163 726 1372 766 Cluatium.
1434 727 1538 764 Nam

208 791 325 828 etiam
358 791 388 828 si
420 791 496 829 alio
529 794 618 830 loco
648 792 830 841 placebit,
865 792 967 829 illius
998 791 1113 830 nobis
1145 805 1264 841 opera
1294 791 1538 841 consilioque
1564 806 1599 827 10

208 857 400 894 utendum
422 865 528 906 puto.
589 858 651 894 Tu
672 858 722 895 ad
744 856 875 894 villam
896 858 1059 895 fortasse
1080 870 1173 894 cras.

251 1001 472 1037 XXXVII
517 1005 587 1036 Scr.
608 1006 753 1036 Aslmm'
769 1006 800 1036 iv
818 1005 902 1036 Non.
922 1005 1003 1037 llIat'.
1021 1016 1050 1036 a.
1074 1015 1132 1044 709
1155 1004 1233 1046 (qj).

615 1094 786 1124 CICERO
817 1093 998 1124 ATTICO
1030 1093 1134 1125 SAL.

172 1193 191 1221 Ι
263 1185 297 1220 Λ
337 1191 375 1222 te
409 1175 488 1221 heri
525 1184 622 1222 duas
657 1183 842 1233 epistulas
872 1182 1018 1232 accepi,
1049 1184 1211 1221 alteram
1245 1183 1370 1233 pridie
1405 1185 1537 1221 datam

211 1248 360 1295 Hilaro,
384 1250 543 1287 alteram
567 1249 707 1286 eodem
731 1247 794 1285 die
816 1248 1028 1293 tabellario,
1052 1247 1267 1298 accepique
1287 1249 1338 1286 ab
1359 1250 1538 1298 Aegypta
1562 1264 1594 1294 ¹5

207 1313 347 1351 liberto
374 1315 514 1352 eodem
537 1314 600 1352 die
623 1313 760 1350 Piliam
783 1321 820 1350 et
842 1313 1013 1350 Atticam
1038 1315 1155 1362 plane
1182 1313 1284 1351 belle
1311 1327 1352 1351 se
1379 1315 1534 1352 habere.

207 1379 327 1426 Quod
359 1378 453 1415 mihi
484 1378 590 1416 Bruti
620 1378 775 1424 litteras,
807 1385 970 1427 gratum.
1030 1379 1096 1416 Ad
1127 1391 1190 1416 me
1219 1391 1379 1428 quoque
1409 1378 1537 1425 misit3

204 1457 305 1492 quae
333 1444 481 1482 litterae
512 1444 607 1481 mihi
640 1443 815 1481 redditae
847 1451 938 1480 sunt
967 1443 1082 1481 tertio
1115 1443 1273 1482 decimo
1301 1443 1376 1482 die.
1437 1446 1535 1482 Eam

205 1508 328 1558 ipsam
359 1510 408 1546 ad
440 1516 477 1547 te
507 1508 713 1558 epistulam
742 1507 829 1545 misi
856 1516 893 1545 et
920 1509 970 1545 ad
998 1522 1084 1546 eam
1106 1509 1329 1557 exemplum
1360 1522 1534 1546 mearum

204 1573 427 1611 litterarum.
1555 1587 1595 1608 20

161 1649 185 1674 2
260 1641 320 1676 De
342 1641 443 1685 fano,
467 1639 497 1676 si
523 1639 619 1676 nihil
651 1639 745 1676 mihi
774 1640 975 1677 hortorum
1005 1639 1167 1687 invenis,
1190 1640 1261 1689 (μή
1282 1639 1443 1689 quidem
1465 1639 1535 1677 tibi

204 1704 429 1742 inveniendi
462 1712 562 1751 sunt,
587 1704 616 1740 si
644 1718 705 1741 me
737 1704 831 1742 tanti
862 1705 956 1742 facis
986 1705 1119 1754 quanti
1151 1714 1255 1743 certe
1285 1705 1389 1751 facis,
1421 1707 1534 1743 valde

203 1770 328 1819 probo
350 1770 539 1808 rationem
566 1777 672 1807 tuam
701 1771 751 1807 (le
779 1772 1018 1808 Tusculano.
1080 1771 1270 1819 Quamvis
1291 1771 1463 1820 prudens
1482 1771 1533 1808 ad

202 1835 455 1884 cogitandum
478 1835 540 1882 sis,
563 1835 662 1873 sicut
684 1849 735 1881 es,
761 1843 892 1873 tamen
914 1836 987 1873 nisi
1020 1850 1183 1885 magnae
1204 1850 1319 1874 curae
1340 1835 1409 1873 tibi
1431 1843 1534 1874 esset

202 1907 243 1937 ut
264 1914 336 1949 ego
356 1914 617 1950 consequerer
639 1901 678 1939 id
699 1903 807 1951 quod
829 1916 972 1952 magno
1002 1916 1119 1952 opere
1141 1904 1291 1948 vellem,
1315 1915 1530 1951 numquam
1554 1911 1591 1943 25

200 1979 246 2002 ea
285 1980 343 2003 res
382 1965 451 2003 tibi
491 1973 569 2003 tam
606 1967 707 2004 belle
742 1966 781 2003 in
817 1974 989 2005 mentem
1025 1967 1156 2005 venire
1194 1966 1394 2016 potuisset.
1453 1966 1532 2004 Sed

201 2031 334 2069 nescio
359 2045 438 2080 quo
465 2040 581 2081 pacto
609 2032 875 2071 celebritatem
904 2032 1084 2082 requiro3
1112 2032 1244 2082 itaque
1271 2033 1405 2070 hortos
1436 2030 1531 2068 mihi

201 2096 387 2134 conficias
418 2111 578 2136 necesse
610 2106 678 2136 est.
740 2097 915 2135 Maxima
947 2106 1003 2136 est
1029 2098 1067 2135 in
1099 2099 1288 2148 Scapulae
1313 2096 1528 2142 celebritas,

245 2212 264 2231 2
288 2207 396 2232 tecum
418 2202 604 2233 Corradus:
631 2207 662 2232 te
680 2201 767 2233 codd.
847 2212 864 2240 7
883 2202 967 2231 dixit
980 2201 1008 2231 L
1022 2201 1162 2241 (marg.)
1256 2203 1293 2231 18
1317 2213 1402 2241 quae
1414 2226 1420 2232 .
1436 2227 1442 2233 .
1454 2225 1461 2232 .
1477 2201 1531 2231 die

199 2245 286 2277 codd.
300 2246 417 2276 liabent
429 2250 505 2286 post
517 2247 640 2276 habere
655 2246 689 2286 (l.
700 2246 755 2285 16)
767 2257 772 2275 ς
797 2246 998 2285 transposuit
1011 2246 1133 2276 Scln'lt'z
1147 2257 1152 2274 ι
1174 2245 1242 2276 secl.
1256 2246 1370 2275 Baiter
1425 2244 1527 2284 quae]

200 2293 255 2318 tue
273 2290 335 2319 hae
355 2290 418 2327 <vel
432 2291 505 2324 tue)
524 2289 576 2319 M¹
592 2301 599 2320 ε
621 2290 683 2319 hae
697 2283 734 2318 Z!
745 2288 876 2319 Schiche
936 2289 1085 2329 decimo]
1104 2290 1145 2319 de
1157 2289 1306 2319 Cumano
1322 2287 1461 2323 Schiche,
1473 2288 1534 2327 qui

199 2333 348 2363 ordinem
365 2334 533 2363 verborum
552 2334 584 2363 in
601 2333 690 2364 codd.
710 2332 828 2363 datum
844 2336 951 2362 setvat
1039 2343 1076 2362 21
1103 2332 1158 2371 qui
1176 2331 1250 2362 add.
1267 2336 1337 2363 vett.
1356 2344 1363 2363 ε
1386 2333 1412 2362 si
1428 2332 1528 2362 Rom.
