1742 2651
582 131 693 167 EPP.
726 132 803 166 AI)
834 130 1093 167 ATTICVM
1403 132 1522 168 XIII.
1541 131 1649 167 xxix

172 241 271 279 effici
310 254 434 291 posse.
508 242 631 279 Tecta
670 241 783 291 igitur
820 241 1156 279 ambulatiuncula
1193 242 1379 280 addenda
1417 250 1501 289 est;

171 319 290 355 quam
321 314 362 343 ut
394 314 541 343 tantam
573 306 761 343 faciamus
791 314 978 355 quantam
1008 305 1047 343 in
1078 308 1306 344 Tusculano
1338 307 1501 345 fecimus

170 384 292 420 prope
322 370 488 409 dimidio
519 371 679 408 minoris
709 371 904 409 constabit
934 371 1008 408 isto
1038 372 1137 409 loco.
1197 373 1261 409 Ad
1291 371 1331 409 id
1369 379 1502 409 autem

171 437 279 484 quod
313 437 492 473 volumus
528 437 716 486 ἀφίδρυμα
754 435 850 473 nihil
888 435 1015 485 aptius
1047 435 1200 474 videtur
1233 449 1351 485 quam
1392 438 1502 474 lucus

135 514 151 546 5
171 513 289 549 quem
320 514 391 549 ego
422 514 584 548 noramg
625 502 695 539 sed
725 500 991 539 celebritatem
1020 502 1168 538 nullam
1202 508 1285 538 tum
1318 501 1500 548 habebat,

172 579 276 603 nunc
296 565 416 603 audio
437 566 657 604 maximam.
718 566 827 604 Nihil
848 574 905 604 est
926 567 1033 616 quod
1058 580 1131 616 ego
1152 566 1296 604 malim.
1358 568 1404 604 In
1426 567 1502 604 hoc

172 632 234 668 τὸν
263 631 384 679 τῦφόν
416 649 487 680 μου
519 633 610 680 πρὸς
642 633 732 670 θεῶν
763 633 1060 682 τροποφόρησον.
1122 631 1335 681 Reliquum
1368 639 1436 677 est,
1471 631 1501 669 Si

175 695 358 733 Faberius
380 696 494 734 nobis
526 710 671 734 nomen
702 697 797 735 illud
829 697 1005 746 explicat,
1029 697 1109 734 noli
1131 710 1317 746 quaerere
1338 696 1474 746 quanti
1492 711 1502 744 3

174 761 373 798 Othonem
395 761 527 799 vincas
548 763 648 799 volo.
710 763 795 799 Nec
817 770 948 799 tamen
971 761 1229 799 insaniturum
1251 761 1359 799 illum
1381 769 1504 811 puto;

117 841 156 863 10
174 838 287 863 nosse
317 826 422 863 enim
453 826 548 863 mihi
580 826 781 865 hominem
803 826 947 864 videor.
1010 828 1070 864 Ita
1100 828 1200 865 male
1227 834 1359 865 autem
1383 827 1503 865 audio

174 890 300 940 ipsum
321 905 406 929 esse
427 899 633 929 tractatum
656 900 698 929 ut
719 892 814 929 mihi
842 892 906 930 ille
933 900 1085 941 emptor
1106 906 1186 930 non
1207 906 1292 930 esse
1313 892 1500 931 videatur.

175 956 281 1004 Quid
303 956 438 995 enim?
478 959 704 1006 pateretur?
761 959 838 996 Sed
860 957 956 1007 quid
983 960 1265 1007 argumentor?
1322 958 1361 996 Si
1384 959 1504 996 Fabe-
1523 968 1548 996 2
1574 966 1624 1006 (3)

175 1021 323 1058 rianum
358 1022 538 1071 explicas,
566 1036 743 1060 emamus
773 1024 833 1061 vel
869 1036 1036 1072 magn03
1077 1023 1107 1061 si
1132 1023 1273 1070 minus,
1306 1037 1354 1061 ne
1385 1037 1504 1073 parvo

175 1085 334 1135 quidem
369 1100 589 1136 possumus.
649 1087 832 1127 Clodiam
864 1087 986 1137 igitur.
1046 1090 1082 1125 A
1113 1102 1190 1138 qua
1222 1089 1305 1138 ipsa
1335 1089 1387 1126 ob
1417 1102 1503 1126 eam

118 1166 153 1198 15
174 1165 330 1189 causam
369 1165 522 1202 sperare
561 1153 705 1200 videor,
747 1155 855 1203 quod
894 1161 931 1191 et
971 1155 1095 1192 multo
1138 1153 1299 1192 minoris
1338 1161 1427 1191 sunt
1467 1161 1505 1191 et

178 1217 406 1255 Dolabellae
444 1231 590 1256 nomen
630 1226 709 1256 tam
755 1219 982 1269 expeditum
1022 1219 1175 1257 videtur
1213 1227 1255 1257 ut
1294 1219 1412 1257 etiam
1451 1233 1505 1257 re—

175 1283 486 1332 praesentatione
507 1285 717 1322 confidam.
778 1286 839 1322 De
865 1285 985 1323 hortis
1013 1285 1115 1322 satis.
1177 1286 1272 1324 Cras
1293 1293 1359 1323 aut
1381 1292 1418 1322 te
1438 1291 1505 1322 aut

175 1361 358 1395 causamg
388 1362 507 1398 quam
538 1349 698 1399 quidem
719 1355 817 1399 puto
844 1351 1012 1388 futuram
1040 1350 1308 1388 Faberianam.
1368 1351 1447 1388 Sed
1474 1349 1505 1387 si

175 1413 329 1465 poteris.

118 1492 156 1513 20
230 1478 430 1517 Ciceronis
458 1479 664 1529 epistulam
693 1480 762 1518 tibi
790 1480 930 1518 remisi.
990 1482 1026 1519 O
1048 1489 1085 1519 te
1113 1482 1279 1519 ferreum
1307 1481 1374 1530 qui
1402 1480 1504 1519 illius
1527 1484 1551 1522 3

174 1543 355 1592 periculis
388 1558 467 1581 non
507 1544 697 1582 moveris!
757 1547 825 1583 Me
860 1559 1019 1596 quoque
1053 1554 1222 1584 accusat.
1294 1548 1393 1584 Eam
1433 1545 1504 1584 tibi
1527 1529 1662 1569 (“ΧΧΧ·Ῑ)

175 1607 381 1657 epistulam
403 1609 656 1650 †misissem†.
718 1612 821 1648 Nam
849 1611 954 1649 illam
984 1613 1146 1649 alteram
1174 1613 1224 1650 de
1251 1611 1366 1650 rebus
1387 1612 1505 1661 gestis

175 1674 317 1711 eodem
339 1676 518 1724 exemplo
539 1683 645 1725 puto.
692 1677 739 1713 In
754 1677 979 1715 Cumanum
1002 1677 1121 1715 hodie
1143 1676 1229 1714 misi
1247 1677 1503 1716 tabellarium.

177 1738 223 1776 Ei
245 1739 337 1777 dedi
358 1747 441 1778 tuas
462 1742 512 1779 ad
534 1741 757 1780 Vestorium
779 1755 876 1792 quas
898 1743 1089 1781 Pharnaci
1111 1744 1287 1781 dederas.
1527 1746 1578 1787 (2)

120 1898 158 1929 ²5
219 1884 349 1919 XXX
415 1889 485 1922 Ser.
503 1891 536 1920 in
558 1890 744 1922 Tusculano
757 1897 834 1933 post
849 1898 895 1933 ep.
915 1893 1000 1923 ,zzz-xi
1013 1904 1032 1924 v
1049 1893 1091 1925 K.
1111 1893 1186 1924 Iun.
1207 1904 1236 1924 a.
1259 1903 1318 1933 709
1338 1893 1417 1933 (45).

584 1980 755 2011 CICERO
783 1981 966 2013 ATTICO
996 1982 1100 2014 SAL.

231 2066 499 2105 Commodum
529 2070 579 2106 ad
610 2077 648 2106 te
678 2070 858 2109 miseram
886 2074 1066 2110 Demean
1094 2085 1215 2121 quom
1239 2073 1337 2109 Eros
1363 2073 1415 2110 ad
1443 2085 1506 2110 me
1526 2073 1617 2116 1<2)

178 2131 291 2169 venit.
352 2134 428 2171 Sed
459 2133 496 2170 in
528 2133 610 2171 eius
640 2134 806 2184 epistula
835 2137 930 2174 nihil
961 2145 1041 2175 erat
1069 2137 1159 2175 novi
1187 2137 1260 2175 nisi
1281 2137 1506 2176 auctionem

224 2244 236 2263 1
264 2235 331 2266 estl
350 2241 427 2266 sunt
446 2235 487 2265 sp]
501 2242 554 2266 fen:
569 2239 613 2275 st)
737 2241 775 2269 16
800 2244 864 2270 tam
883 2240 985 2271 Boot:
1012 2251 1087 2271 nam
1107 2241 1148 2270 M
1267 2243 1304 2272 18
1330 2247 1411 2282 puto
1429 2242 1505 2273 add.

181 2276 370 2319 [Vesenbm’g
467 2291 509 2310 ρο
533 2285 607 2311 (mle
630 2281 805 2313 Ciceronis
830 2283 905 2315 add.
934 2285 974 2323 Q.
1001 2284 1178 2315 Lehmann
1277 2297 1314 2316 21
1343 2287 1509 2316 movearis

177 2322 254 2351 coni.
277 2321 466 2363 W'esenbeasgr
642 2336 682 2355 22
706 2325 791 2365 <nisi
817 2333 896 2358 tuae
920 2328 1089 2358 simillima
1114 2328 1227 2372 esset>
1243 2334 1320 2360 ante
1340 2330 1508 2360 misissem

176 2365 227 2394 vel
239 2365 344 2395 simile
365 2367 445 2406 qm'd
463 2368 587 2408 supplet
608 2368 730 2399 Msillm·
749 2382 755 2400 :
779 2372 854 2400 misi
880 2372 1054 2401 semissem
1080 2373 1193 2402 conieci
1281 2373 1381 2414 Nam]
1410 2373 1509 2403 Nunc

177 2407 301 2439 Sclziilz
390 2411 445 2441 illa
463 2411 569 2442 altera
586 2436 592 2442 .
616 2437 622 2443 .
643 2438 649 2444 .
668 2418 747 2452 puta
767 2414 950 2444 Gronovius
