1742 2651
40 82 158 118 XIII.
178 80 254 116 xxi
558 81 612 117 M.
646 81 813 117 TVLLI
846 80 1152 119 CICERONIS

189 191 388 240 remigant.
451 192 498 229 Id
528 191 578 229 ab
609 194 728 242 ἐποχῇ
756 191 1061 229 remotissimum
1092 200 1159 230 est.
1221 195 1311 241 Qua
1338 208 1377 232 re
1405 194 1522 233 facies

189 264 230 294 ut
258 256 310 294 ita
336 256 383 294 sit
414 256 453 293 in
484 255 583 294 libro
610 270 728 305 quem
758 257 809 294 ad
840 257 1003 294 modum
1035 256 1115 294 fuit.
1178 257 1295 295 Dices
1317 259 1393 296 hoc
1418 259 1522 297 idem

189 321 369 368 Varroni,
390 321 421 359 si
449 322 546 359 forte
577 321 750 358 mutavit.
812 321 897 358 Nec
925 328 982 358 est
1011 321 1149 359 melius
1170 322 1382 372 quicquam
1405 337 1523 373 quam

189 393 231 424 ut
253 386 439 432 Lucilius,

235 451 460 490 ‘Sustineas
492 464 646 488 currum
678 458 719 488 ut
751 452 878 489 bonus
909 465 1024 502 saepe
1054 452 1218 501 agitator
1247 455 1474 503 equosque.’
1544 470 1562 502 5

191 518 432 566 Semperque
477 518 702 555 Carneades
750 518 948 566 προβολὴν
991 517 1132 567 pugilis
1180 526 1217 555 et
1266 518 1524 557 retentionem

189 582 345 632 aurigae
385 582 551 620 similem
592 582 682 620 facit
722 586 851 633 ἐποχῇ.
931 581 1121 620 Inhibitio
1163 590 1295 620 autem
1335 583 1524 633 remigum

190 655 341 685 motum
363 648 482 685 habet
504 657 541 685 et
562 648 897 686 vehementiorem
916 648 1077 697 quidem
1100 647 1364 697 remigationis
1385 662 1525 686 navem

189 712 454 751 convertentis
492 713 543 751 ad
583 713 757 762 puppim.
819 713 941 751 Vides
981 721 1130 762 quanto
1170 714 1266 751 haec
1302 713 1526 763 diligentius

191 791 322 815 curem
354 791 473 827 quam
505 786 571 815 aut
601 779 651 815 de
684 792 838 816 rumore
872 785 939 815 aut
969 779 1019 816 de
1055 777 1243 816 Pollione.
1307 780 1368 816 De
1400 780 1527 816 Pansa
1551 796 1589 818 10

190 842 308 880 etiam
339 841 370 879 si
400 842 495 891 quid
527 842 669 880 certius
696 842 831 893 (credo
861 842 966 880 enim
998 844 1126 892 palam
1158 843 1303 880 factum
1334 842 1447 891 esse),
1476 843 1527 881 de

193 906 383 955 Critonio,
406 906 437 944 si
459 907 555 956 quid
576 912 701 948 †esset
722 915 826 946 certe
847 912 921 948 ne†
942 908 992 946 de
1016 908 1180 946 Metello
1201 914 1239 945 et
1260 906 1439 946 Balbino.

236 1052 347 1087 XXI
365 1064 389 1087 a
433 1053 503 1087 Scr.
521 1057 554 1086 in
572 1055 829 1097 Atpt'natipm‘d.
851 1057 893 1087 K.
914 1060 973 1086 ant
988 1056 1031 1088 K.
1051 1056 1165 1095 Quint.
1185 1067 1216 1088 a.
1236 1066 1296 1097 709
1314 1056 1397 1097 (45).

602 1144 774 1175 CICERO
803 1143 985 1175 ATTICO
1013 1143 1120 1175 SAL.

83 1248 100 1275 1
122 1240 172 1279 (4)
250 1232 324 1270 Dic
346 1232 453 1280 mihi,
476 1234 656 1283 placetne
677 1233 747 1271 tibi
768 1233 938 1284 primum
960 1234 1076 1272 edere
1098 1232 1246 1271 iniussu
1269 1235 1391 1272 meo?
1436 1236 1529 1272 Hoc
1552 1247 1589 1279 15

193 1311 242 1336 ne
283 1299 558 1337 Hermodorus
598 1299 759 1348 quidem
799 1299 978 1345 faciebat,
1019 1298 1051 1336 is
1089 1298 1156 1348 qui
1197 1299 1371 1337 Platonis
1410 1299 1530 1337 libros

192 1363 329 1401 solitus
359 1371 417 1401 est
446 1363 655 1414 divulgare,
686 1379 732 1402 ex
762 1378 841 1414 quo
871 1363 1335 1416 ‘Myoco-w‘EprdBmposs
1394 1365 1532 1413 Quid?

193 1428 291 1467 illud
321 1436 524 1467 rectumne
558 1429 756 1467 existimas
786 1429 1001 1480 quoiquam
1037 1435 1125 1467 ante
1155 1444 1270 1479 quam
1302 1432 1435 1476 Bruto,
1468 1429 1531 1468 cui

195 1501 232 1531 te
253 1501 412 1531 auctore
432 1496 676 1543 προσφωνῶΡ
733 1494 895 1544 Scripsit
921 1495 1027 1533 enim
1050 1495 1198 1533 Balbus
1227 1496 1279 1533 ad
1307 1509 1369 1533 me
1390 1508 1430 1533 se
1451 1509 1474 1533 a
1494 1502 1531 1533 te

195 1559 377 1608 quintum
402 1563 410 1578 ‘
425 1561 474 1597 de
496 1559 640 1598 finibus
658 1562 664 1577 ³
686 1560 829 1598 librum
857 1560 1134 1611 descripsisse3
1168 1561 1207 1598 in
1229 1574 1309 1610 quo
1337 1575 1417 1599 non
1439 1574 1532 1599 sane
1554 1574 1594 1595 20

197 1625 320 1661 multa
353 1624 499 1662 mutavi
532 1626 601 1663 sed
634 1633 765 1664 tamen
798 1627 1004 1674 quaedam.
1065 1627 1127 1663 Tu
1159 1633 1290 1664 autem
1321 1627 1533 1664 commode

197 1688 333 1726 feceris
355 1688 385 1726 si
407 1689 577 1739 reliquos
598 1690 849 1736 continueris,
867 1704 916 1728 ne
937 1698 975 1728 et
997 1691 1199 1741 ἀδιόρθωτα
1220 1691 1363 1728 habeat
1386 1690 1533 1728 Balbus

197 1761 237 1792 et
267 1754 363 1791 ἕωλα
394 1755 546 1792 Brutus.
607 1756 684 1793 Sed
715 1756 811 1792 haec
843 1756 1043 1801 hactenus,
1074 1770 1123 1794 ne
1152 1755 1286 1793 videar
1313 1755 1397 1804 περὶ
1422 1756 1534 1804 μικρὰ

199 1819 429 1865 σπουδάζειν.
490 1819 574 1856 Etsi
607 1833 712 1857 nunc
744 1819 905 1869 quidem
939 1820 1108 1858 maxima
1147 1819 1242 1858 mihi
1282 1827 1373 1857 sunt
1410 1821 1533 1867 haecg

198 1883 295 1933 quid
315 1891 372 1921 est
394 1883 498 1921 enim
519 1883 626 1922 aliud
640 1886 657 1921 ?
1555 1896 1593 1932 35

252 1949 418 1987 Varroni
439 1949 600 1999 quidem
622 1964 723 2000 quae
753 1951 888 2002 scripsi
919 1960 956 1991 te
982 1960 1141 1991 auctore
1171 1951 1224 1989 ita
1253 1964 1419 2001 propero
1449 1949 1533 1987 mit-

199 2022 277 2052 tere
317 2022 359 2052 ut
397 2014 474 2051 iam
511 2016 681 2052 Romam
718 2016 888 2054 miserim
924 2017 1194 2055 describenda.
1256 2017 1314 2053 Ea
1347 2014 1378 2052 si
1412 2016 1530 2060 voles,

199 2079 328 2117 statim
354 2079 529 2117 habebis.
591 2081 734 2130 Scripsi
765 2081 869 2119 enim
901 2083 951 2120 ad
981 2081 1156 2120 librarios
1186 2088 1228 2118 ut
1258 2081 1365 2118 fieret
1392 2079 1479 2126 tuis,
1502 2079 1533 2117 si

199 2151 240 2182 tu
265 2146 393 2190 velles⁷
417 2145 667 2184 describendi
699 2154 880 2196 potestas.
944 2149 1001 2184 Ea
1027 2160 1119 2184 vero
1148 2144 1370 2184 continebis
1400 2145 1533 2194 quoad

199 2209 281 2260 ipse
303 2218 340 2248 te
361 2210 515 2249 videam
535 2227 544 2259 ,ς
577 2213 685 2261 quod
714 2211 1011 2261 diligentissime
1040 2214 1165 2250 facere
1186 2212 1288 2249 soles
1315 2224 1405 2248 cum
1427 2224 1449 2247 a
1470 2224 1533 2248 me
1555 2224 1595 2255 30

244 2327 262 2354 4
289 2315 438 2346 Lucilius
456 2315 668 2356 Alalaspina:
697 2316 853 2346 Lucullus
871 2315 912 2345 M
1054 2327 1075 2355 9
1099 2317 1182 2346 haec
1203 2314 1314 2345 OlRP
1330 2315 1417 2345 Crat.
1438 2326 1444 2344 :
1470 2315 1534 2344 hoc

202 2358 277 2390 O2A
480 2370 517 2389 12
543 2365 603 2393 est.
632 2360 692 2390 sed
720 2364 812 2390 certe
839 2360 880 2390 de
911 2359 1115 2400 chscnberg:
1140 2360 1221 2398 fort.
1249 2362 1310 2398 est,
1338 2364 1371 2389 et
1396 2363 1534 2389 certene

204 2404 242 2433 18
265 2408 342 2434 ante
359 2413 456 2443 quarn
475 2403 550 2433 add.
575 2403 649 2434 Vict.
