<?xml version="1.0" encoding="UTF-8"?>
<!DOCTYPE html PUBLIC "-//W3C//DTD XHTML 1.0 Transitional//EN"
    "http://www.w3.org/TR/xhtml1/DTD/xhtml1-transitional.dtd">
<html xmlns="http://www.w3.org/1999/xhtml" xml:lang="en" lang="en">
 <head>
  <title>
</title>
<meta http-equiv="Content-Type" content="text/html;charset=utf-8" />
  <meta name='ocr-system' content='tesseract 3.04.00' />
  <meta name='ocr-capabilities' content='ocr_page ocr_carea ocr_par ocr_line ocrx_word'/>
</head>
<body>
  <div class='ocr_page' id='page_1' title='image "./p2epistulaerecog02ciceuoft_0015.png"; bbox 0 0 1742 2651; ppageno 0'>
   <div class='ocr_carea' id='block_1_1' title="bbox 545 166 1564 207">
    <p class='ocr_par' dir='ltr' id='par_1_1' title="bbox 545 166 1564 207">
     <span class='ocr_line' id='line_1_1' title="bbox 545 166 1564 207; baseline -0.004 -1"><span class='ocrx_word' id='word_1_1' title='bbox 545 170 656 206; x_wconf 79' lang='lat' dir='ltr'><strong>EPP.</strong></span> <span class='ocrx_word' id='word_1_2' title='bbox 690 170 767 206; x_wconf 76' lang='lat' dir='ltr'>AD</span> <span class='ocrx_word' id='word_1_3' title='bbox 798 168 1057 207; x_wconf 75' lang='lat' dir='ltr'>ATTICVM</span> <span class='ocrx_word' id='word_1_4' title='bbox 1430 168 1500 204; x_wconf 85' lang='lat' dir='ltr'>IX.</span> <span class='ocrx_word' id='word_1_5' title='bbox 1518 166 1564 202; x_wconf 80' lang='lat' dir='ltr'>iii</span> 
     </span>
    </p>
   </div>
   <div class='ocr_carea' id='block_1_2' title="bbox 84 278 1512 1306">
    <p class='ocr_par' dir='ltr' id='par_1_2' title="bbox 84 278 1512 1306">
     <span class='ocr_line' id='line_1_2' title="bbox 141 278 1468 329; baseline -0.003 -13"><span class='ocrx_word' id='word_1_6' title='bbox 141 279 245 316; x_wconf 90' lang='lat' dir='ltr'>Nam</span> <span class='ocrx_word' id='word_1_7' title='bbox 274 280 325 317; x_wconf 88' lang='lat' dir='ltr'>ad</span> <span class='ocrx_word' id='word_1_8' title='bbox 354 278 394 317; x_wconf 90' lang='lat' dir='ltr'>id</span> <span class='ocrx_word' id='word_1_9' title='bbox 425 280 533 328; x_wconf 88' lang='lat' dir='ltr'>quod</span> <span class='ocrx_word' id='word_1_10' title='bbox 568 279 743 318; x_wconf 88' lang='lat' dir='ltr'>delibero</span> <span class='ocrx_word' id='word_1_11' title='bbox 777 279 954 329; x_wconf 86' lang='lat' dir='ltr'>pertinet,</span> <span class='ocrx_word' id='word_1_12' title='bbox 985 278 1015 316; x_wconf 89' lang='lat' dir='ltr'>si</span> <span class='ocrx_word' id='word_1_13' title='bbox 1046 278 1109 316; x_wconf 86' lang='lat' dir='ltr'>ille</span> <span class='ocrx_word' id='word_1_14' title='bbox 1139 285 1242 316; x_wconf 90' lang='lat' dir='ltr'>certe</span> <span class='ocrx_word' id='word_1_15' title='bbox 1274 288 1468 325; x_wconf 83' lang='lat' dir='ltr'>nusquam</span> 
     </span>
     <span class='ocr_line' id='line_1_3' title="bbox 140 340 1469 394; baseline -0.003 -13"><span class='ocrx_word' id='word_1_16' title='bbox 140 343 328 390; x_wconf 76' lang='lat' dir='ltr'>discessit,</span> <span class='ocrx_word' id='word_1_17' title='bbox 352 344 576 394; x_wconf 71' lang='lat' dir='ltr'>intellegere</span> <span class='ocrx_word' id='word_1_18' title='bbox 598 346 779 383; x_wconf 82' lang='lat' dir='ltr'>Gnaeum</span> <span class='ocrx_word' id='word_1_19' title='bbox 801 358 881 382; x_wconf 90' lang='lat' dir='ltr'>non</span> <span class='ocrx_word' id='word_1_20' title='bbox 902 358 987 382; x_wconf 87' lang='lat' dir='ltr'>esse</span> <span class='ocrx_word' id='word_1_21' title='bbox 1009 343 1130 381; x_wconf 86' lang='lat' dir='ltr'>facilis</span> <span class='ocrx_word' id='word_1_22' title='bbox 1152 343 1266 381; x_wconf 87' lang='lat' dir='ltr'>nobis</span> <span class='ocrx_word' id='word_1_23' title='bbox 1288 357 1333 380; x_wconf 80' lang='lat' dir='ltr'>ex</span> <span class='ocrx_word' id='word_1_24' title='bbox 1356 340 1469 378; x_wconf 82' lang='lat' dir='ltr'>Italia</span> 
     </span>
     <span class='ocr_line' id='line_1_4' title="bbox 140 406 1468 459; baseline -0.003 -13"><span class='ocrx_word' id='word_1_25' title='bbox 140 407 275 454; x_wconf 79' lang='lat' dir='ltr'>exitus,</span> <span class='ocrx_word' id='word_1_26' title='bbox 308 422 399 446; x_wconf 91' lang='lat' dir='ltr'>cum</span> <span class='ocrx_word' id='word_1_27' title='bbox 438 422 483 446; x_wconf 89' lang='lat' dir='ltr'>ea</span> <span class='ocrx_word' id='word_1_28' title='bbox 518 417 600 447; x_wconf 89' lang='lat' dir='ltr'>tota</span> <span class='ocrx_word' id='word_1_29' title='bbox 630 409 747 447; x_wconf 88' lang='lat' dir='ltr'>armis</span> <span class='ocrx_word' id='word_1_30' title='bbox 788 409 1070 459; x_wconf 76' lang='lat' dir='ltr'>praesidiisque</span> <span class='ocrx_word' id='word_1_31' title='bbox 1109 416 1296 454; x_wconf 87' lang='lat' dir='ltr'>teneatur,</span> <span class='ocrx_word' id='word_1_32' title='bbox 1338 406 1468 443; x_wconf 86' lang='lat' dir='ltr'>hieme</span> 
     </span>
     <span class='ocr_line' id='line_1_5' title="bbox 139 471 1468 521; baseline -0.002 -12"><span class='ocrx_word' id='word_1_33' title='bbox 139 472 375 521; x_wconf 87' lang='lat' dir='ltr'>praesertim.</span> <span class='ocrx_word' id='word_1_34' title='bbox 450 475 553 511; x_wconf 76' lang='lat' dir='ltr'>Nam</span> <span class='ocrx_word' id='word_1_35' title='bbox 593 473 624 511; x_wconf 89' lang='lat' dir='ltr'>si</span> <span class='ocrx_word' id='word_1_36' title='bbox 659 473 908 511; x_wconf 78' lang='lat' dir='ltr'>commodius</span> <span class='ocrx_word' id='word_1_37' title='bbox 947 473 1040 511; x_wconf 84' lang='lat' dir='ltr'>anni</span> <span class='ocrx_word' id='word_1_38' title='bbox 1072 481 1228 521; x_wconf 87' lang='lat' dir='ltr'>tempus</span> <span class='ocrx_word' id='word_1_39' title='bbox 1263 478 1374 517; x_wconf 84' lang='lat' dir='ltr'>esset,</span> <span class='ocrx_word' id='word_1_40' title='bbox 1407 471 1468 507; x_wconf 77' lang='lat' dir='ltr'>vel</span> 
     </span>
     <span class='ocr_line' id='line_1_6' title="bbox 102 536 1469 588; baseline -0.001 -15"><span class='ocrx_word' id='word_1_41' title='bbox 102 551 119 582; x_wconf 88' lang='lat'>5</span> <span class='ocrx_word' id='word_1_42' title='bbox 139 536 262 574; x_wconf 88' lang='lat' dir='ltr'>infero</span> <span class='ocrx_word' id='word_1_43' title='bbox 284 537 378 574; x_wconf 87' lang='lat' dir='ltr'>mari</span> <span class='ocrx_word' id='word_1_44' title='bbox 406 538 538 576; x_wconf 86' lang='lat' dir='ltr'>liceret</span> <span class='ocrx_word' id='word_1_45' title='bbox 565 538 631 576; x_wconf 91' lang='lat' dir='ltr'>uti.</span> <span class='ocrx_word' id='word_1_46' title='bbox 693 540 811 576; x_wconf 88' lang='lat' dir='ltr'>Nunc</span> <span class='ocrx_word' id='word_1_47' title='bbox 841 538 938 575; x_wconf 83' lang='lat' dir='ltr'>nihil</span> <span class='ocrx_word' id='word_1_48' title='bbox 965 546 1094 588; x_wconf 86' lang='lat' dir='ltr'>potest</span> <span class='ocrx_word' id='word_1_49' title='bbox 1124 537 1197 575; x_wconf 88' lang='lat' dir='ltr'>nisi</span> <span class='ocrx_word' id='word_1_50' title='bbox 1228 550 1369 585; x_wconf 83' lang='lat' dir='ltr'>supero</span> <span class='ocrx_word' id='word_1_51' title='bbox 1398 543 1469 573; x_wconf 88' lang='lat' dir='ltr'>tra-</span> 
     </span>
     <span class='ocr_line' id='line_1_7' title="bbox 139 599 1468 651; baseline -0.001 -13"><span class='ocrx_word' id='word_1_52' title='bbox 139 601 239 638; x_wconf 90' lang='lat' dir='ltr'>mitti</span> <span class='ocrx_word' id='word_1_53' title='bbox 255 615 334 650; x_wconf 88' lang='lat' dir='ltr'>quo</span> <span class='ocrx_word' id='word_1_54' title='bbox 352 601 423 640; x_wconf 87' lang='lat' dir='ltr'>iter</span> <span class='ocrx_word' id='word_1_55' title='bbox 438 602 692 641; x_wconf 82' lang='lat' dir='ltr'>interclusum</span> <span class='ocrx_word' id='word_1_56' title='bbox 711 611 778 641; x_wconf 89' lang='lat' dir='ltr'>est.</span> <span class='ocrx_word' id='word_1_57' title='bbox 841 604 1016 650; x_wconf 75' lang='lat' dir='ltr'><strong>Quaeres</strong></span> <span class='ocrx_word' id='word_1_58' title='bbox 1038 602 1152 651; x_wconf 81' lang='lat' dir='ltr'>igitur</span> <span class='ocrx_word' id='word_1_59' title='bbox 1168 609 1205 639; x_wconf 91' lang='lat' dir='ltr'>et</span> <span class='ocrx_word' id='word_1_60' title='bbox 1222 603 1271 639; x_wconf 85' lang='lat' dir='ltr'>de</span> <span class='ocrx_word' id='word_1_61' title='bbox 1290 599 1468 638; x_wconf 87' lang='lat' dir='ltr'>Domitio</span> 
     </span>
     <span class='ocr_line' id='line_1_8' title="bbox 139 667 449 705; baseline 0.006 -3"><span class='ocrx_word' id='word_1_62' title='bbox 139 673 177 702; x_wconf 89' lang='lat' dir='ltr'>et</span> <span class='ocrx_word' id='word_1_63' title='bbox 197 667 246 703; x_wconf 85' lang='grc'>(16</span> <span class='ocrx_word' id='word_1_64' title='bbox 269 667 449 705; x_wconf 87' lang='lat' dir='ltr'>Lentulo.</span> 
     </span>
     <span class='ocr_line' id='line_1_9' title="bbox 193 730 1512 779; baseline 0 -12"><span class='ocrx_word' id='word_1_65' title='bbox 193 732 230 767; x_wconf 81' lang='lat' dir='ltr'><strong>A</strong></span> <span class='ocrx_word' id='word_1_66' title='bbox 252 732 462 770; x_wconf 82' lang='lat' dir='ltr'>Brundisio</span> <span class='ocrx_word' id='word_1_67' title='bbox 493 735 599 770; x_wconf 90' lang='lat' dir='ltr'>nulla</span> <span class='ocrx_word' id='word_1_68' title='bbox 628 735 759 771; x_wconf 89' lang='lat' dir='ltr'>adhuc</span> <span class='ocrx_word' id='word_1_69' title='bbox 790 735 894 771; x_wconf 84' lang='lat' dir='ltr'>fama</span> <span class='ocrx_word' id='word_1_70' title='bbox 921 740 1090 779; x_wconf 75' lang='lat' dir='ltr'>venerat,</span> <span class='ocrx_word' id='word_1_71' title='bbox 1114 740 1151 770; x_wconf 88' lang='lat' dir='ltr'>et</span> <span class='ocrx_word' id='word_1_72' title='bbox 1182 740 1261 770; x_wconf 88' lang='lat' dir='ltr'>erat</span> <span class='ocrx_word' id='word_1_73' title='bbox 1291 731 1355 768; x_wconf 89' lang='lat' dir='ltr'>hic</span> <span class='ocrx_word' id='word_1_74' title='bbox 1385 730 1468 768; x_wconf 89' lang='lat' dir='ltr'>dies</span> <span class='ocrx_word' id='word_1_75' title='bbox 1488 741 1512 767; x_wconf 86' lang='lat'><em>2</em></span> 
     </span>
     <span class='ocr_line' id='line_1_10' title="bbox 139 795 1470 848; baseline 0 -17"><span class='ocrx_word' id='word_1_76' title='bbox 139 807 196 832; x_wconf 71' lang='lat' dir='ltr'>vit</span> <span class='ocrx_word' id='word_1_77' title='bbox 225 797 320 833; x_wconf 89' lang='lat' dir='ltr'>Idus</span> <span class='ocrx_word' id='word_1_78' title='bbox 355 810 435 846; x_wconf 89' lang='lat' dir='ltr'>quo</span> <span class='ocrx_word' id='word_1_79' title='bbox 466 797 530 836; x_wconf 87' lang='lat' dir='ltr'>die</span> <span class='ocrx_word' id='word_1_80' title='bbox 560 798 856 847; x_wconf 76' lang='lat' dir='ltr'>suspicabamur</span> <span class='ocrx_word' id='word_1_81' title='bbox 878 806 951 835; x_wconf 59' lang='lat' dir='ltr'>‘aut</span> <span class='ocrx_word' id='word_1_82' title='bbox 979 797 1104 848; x_wconf 87' lang='lat' dir='ltr'>pridie</span> <span class='ocrx_word' id='word_1_83' title='bbox 1134 799 1188 834; x_wconf 80' lang='lat' dir='ltr'>ad</span> <span class='ocrx_word' id='word_1_84' title='bbox 1214 795 1470 834; x_wconf 82' lang='lat' dir='ltr'>Brundisium</span> 
     </span>
     <span class='ocr_line' id='line_1_11' title="bbox 85 859 1470 913; baseline -0.001 -15"><span class='ocrx_word' id='word_1_85' title='bbox 85 877 122 899; x_wconf 82' lang='lat'>10</span> <span class='ocrx_word' id='word_1_86' title='bbox 139 860 292 899; x_wconf 77' lang='lat' dir='ltr'>venisse</span> <span class='ocrx_word' id='word_1_87' title='bbox 327 863 548 901; x_wconf 85' lang='lat' dir='ltr'>Caesarem.</span> <span class='ocrx_word' id='word_1_88' title='bbox 623 865 727 901; x_wconf 87' lang='lat' dir='ltr'>Nam</span> <span class='ocrx_word' id='word_1_89' title='bbox 765 865 852 901; x_wconf 84' lang='lat' dir='ltr'>Kal.</span> <span class='ocrx_word' id='word_1_90' title='bbox 888 863 1004 913; x_wconf 83' lang='lat' dir='ltr'>Arpis</span> <span class='ocrx_word' id='word_1_91' title='bbox 1044 870 1248 901; x_wconf 75' lang='lat' dir='ltr'>manserat.</span> <span class='ocrx_word' id='word_1_92' title='bbox 1320 862 1398 900; x_wconf 84' lang='lat' dir='ltr'>Sed</span> <span class='ocrx_word' id='word_1_93' title='bbox 1439 859 1470 897; x_wconf 83' lang='lat' dir='ltr'>si</span> 
     </span>
     <span class='ocr_line' id='line_1_12' title="bbox 140 928 1471 979; baseline -0.001 -16"><span class='ocrx_word' id='word_1_94' title='bbox 140 928 373 965; x_wconf 86' lang='lat' dir='ltr'>Postumum</span> <span class='ocrx_word' id='word_1_95' title='bbox 404 929 539 967; x_wconf 88' lang='lat' dir='ltr'>audire</span> <span class='ocrx_word' id='word_1_96' title='bbox 563 931 692 976; x_wconf 85' lang='lat' dir='ltr'>velles,</span> <span class='ocrx_word' id='word_1_97' title='bbox 717 937 989 979; x_wconf 73' lang='lat' dir='ltr'>persecuturus</span> <span class='ocrx_word' id='word_1_98' title='bbox 1011 936 1092 966; x_wconf 87' lang='lat' dir='ltr'>erat</span> <span class='ocrx_word' id='word_1_99' title='bbox 1113 930 1294 966; x_wconf 87' lang='lat' dir='ltr'>Gnaeum</span> <span class='ocrx_word' id='word_1_100' title='bbox 1314 941 1322 974; x_wconf 79' lang='lat'><em>3</em></span> <span class='ocrx_word' id='word_1_101' title='bbox 1352 934 1471 964; x_wconf 87' lang='lat' dir='ltr'>trans-</span> 
     </span>
     <span class='ocr_line' id='line_1_13' title="bbox 138 991 1467 1044; baseline -0.001 -15"><span class='ocrx_word' id='word_1_102' title='bbox 138 991 213 1030; x_wconf 85' lang='lat' dir='ltr'>isse</span> <span class='ocrx_word' id='word_1_103' title='bbox 237 992 343 1030; x_wconf 89' lang='lat' dir='ltr'>enim</span> <span class='ocrx_word' id='word_1_104' title='bbox 371 993 448 1031; x_wconf 90' lang='lat' dir='ltr'>iam</span> <span class='ocrx_word' id='word_1_105' title='bbox 478 995 642 1043; x_wconf 90' lang='lat' dir='ltr'>putabat</span> <span class='ocrx_word' id='word_1_106' title='bbox 672 995 899 1033; x_wconf 85' lang='lat' dir='ltr'>coniectura</span> <span class='ocrx_word' id='word_1_107' title='bbox 925 1001 1205 1044; x_wconf 82' lang='lat' dir='ltr'>tempestatum</span> <span class='ocrx_word' id='word_1_108' title='bbox 1230 1006 1275 1031; x_wconf 87' lang='lat' dir='ltr'>ac</span> <span class='ocrx_word' id='word_1_109' title='bbox 1305 991 1467 1030; x_wconf 87' lang='lat' dir='ltr'>dierum.</span> 
     </span>
     <span class='ocr_line' id='line_1_14' title="bbox 140 1057 1472 1110; baseline -0.001 -15"><span class='ocrx_word' id='word_1_110' title='bbox 140 1059 225 1107; x_wconf 79' lang='lat' dir='ltr'>Ego</span> <span class='ocrx_word' id='word_1_111' title='bbox 253 1067 391 1097; x_wconf 86' lang='lat' dir='ltr'>nautas</span> <span class='ocrx_word' id='word_1_112' title='bbox 421 1073 513 1098; x_wconf 91' lang='lat' dir='ltr'>eum</span> <span class='ocrx_word' id='word_1_113' title='bbox 545 1074 625 1098; x_wconf 89' lang='lat' dir='ltr'>non</span> <span class='ocrx_word' id='word_1_114' title='bbox 657 1061 845 1110; x_wconf 84' lang='lat' dir='ltr'>putabam</span> <span class='ocrx_word' id='word_1_115' title='bbox 881 1059 1118 1105; x_wconf 87' lang='lat' dir='ltr'>habiturum,</span> <span class='ocrx_word' id='word_1_116' title='bbox 1150 1059 1214 1097; x_wconf 92' lang='lat' dir='ltr'>ille</span> <span class='ocrx_word' id='word_1_117' title='bbox 1244 1057 1472 1096; x_wconf 87' lang='lat' dir='ltr'>confidebat</span> 
     </span>
     <span class='ocr_line' id='line_1_15' title="bbox 140 1121 1472 1175; baseline -0.001 -15"><span class='ocrx_word' id='word_1_118' title='bbox 140 1131 178 1160; x_wconf 91' lang='lat' dir='ltr'>et</span> <span class='ocrx_word' id='word_1_119' title='bbox 217 1137 265 1161; x_wconf 93' lang='lat' dir='ltr'>eo</span> <span class='ocrx_word' id='word_1_120' title='bbox 301 1124 423 1174; x_wconf 80' lang='lat' dir='ltr'>magis</span> <span class='ocrx_word' id='word_1_121' title='bbox 459 1127 567 1175; x_wconf 89' lang='lat' dir='ltr'>quod</span> <span class='ocrx_word' id='word_1_122' title='bbox 605 1125 741 1163; x_wconf 85' lang='lat' dir='ltr'>audita</span> <span class='ocrx_word' id='word_1_123' title='bbox 774 1125 1020 1163; x_wconf 77' lang='lat' dir='ltr'>naviculariis</span> <span class='ocrx_word' id='word_1_124' title='bbox 1054 1124 1226 1162; x_wconf 89' lang='lat' dir='ltr'>hominis</span> <span class='ocrx_word' id='word_1_125' title='bbox 1261 1121 1472 1161; x_wconf 85' lang='lat' dir='ltr'>liberalitas</span> 
     </span>
     <span class='ocr_line' id='line_1_16' title="bbox 84 1187 1471 1240; baseline 0.001 -16"><span class='ocrx_word' id='word_1_126' title='bbox 84 1202 120 1233; x_wconf 82' lang='lat'>15</span> <span class='ocrx_word' id='word_1_127' title='bbox 141 1197 252 1227; x_wconf 85' lang='lat' dir='ltr'>esset.</span> <span class='ocrx_word' id='word_1_128' title='bbox 313 1191 391 1228; x_wconf 86' lang='lat' dir='ltr'>Sed</span> <span class='ocrx_word' id='word_1_129' title='bbox 413 1198 494 1229; x_wconf 86' lang='lat' dir='ltr'>tota</span> <span class='ocrx_word' id='word_1_130' title='bbox 514 1204 574 1229; x_wconf 89' lang='lat' dir='ltr'>res</span> <span class='ocrx_word' id='word_1_131' title='bbox 596 1190 833 1230; x_wconf 82' lang='lat' dir='ltr'>Brundisina</span> <span class='ocrx_word' id='word_1_132' title='bbox 854 1204 934 1240; x_wconf 84' lang='lat' dir='ltr'>quo</span> <span class='ocrx_word' id='word_1_133' title='bbox 955 1191 1076 1229; x_wconf 87' lang='lat' dir='ltr'>modo</span> <span class='ocrx_word' id='word_1_134' title='bbox 1098 1189 1241 1228; x_wconf 86' lang='lat' dir='ltr'>habeat</span> <span class='ocrx_word' id='word_1_135' title='bbox 1262 1202 1302 1227; x_wconf 87' lang='lat' dir='ltr'>se</span> <span class='ocrx_word' id='word_1_136' title='bbox 1323 1187 1471 1227; x_wconf 87' lang='lat' dir='ltr'>diutius</span> 
     </span>
     <span class='ocr_line' id='line_1_17' title="bbox 140 1254 584 1306; baseline 0.009 -15"><span class='ocrx_word' id='word_1_137' title='bbox 140 1254 289 1293; x_wconf 87' lang='lat' dir='ltr'>nescire</span> <span class='ocrx_word' id='word_1_138' title='bbox 310 1269 390 1293; x_wconf 88' lang='lat' dir='ltr'>non</span> <span class='ocrx_word' id='word_1_139' title='bbox 412 1269 584 1306; x_wconf 86' lang='lat' dir='ltr'>possum.</span> 
     </span>
    </p>
   </div>
   <div class='ocr_carea' id='block_1_3' title="bbox 183 1391 1208 1518">
    <p class='ocr_par' dir='ltr' id='par_1_3' title="bbox 183 1391 1208 1518">
     <span class='ocr_line' id='line_1_18' title="bbox 183 1391 1208 1437; baseline 0.001 -11"><span class='ocrx_word' id='word_1_140' title='bbox 183 1391 248 1426; x_wconf 90' lang='lat' dir='ltr'>IV</span> <span class='ocrx_word' id='word_1_141' title='bbox 426 1396 496 1427; x_wconf 69' lang='lat' dir='ltr'>Ser.</span> <span class='ocrx_word' id='word_1_142' title='bbox 515 1397 548 1427; x_wconf 84' lang='lat' dir='ltr'>in</span> <span class='ocrx_word' id='word_1_143' title='bbox 565 1396 747 1427; x_wconf 80' lang='lat' dir='ltr'>Formiano</span> <span class='ocrx_word' id='word_1_144' title='bbox 763 1396 796 1427; x_wconf 84' lang='lat' dir='ltr'>iv</span> <span class='ocrx_word' id='word_1_145' title='bbox 810 1396 861 1427; x_wconf 87' lang='lat' dir='ltr'>Id.</span> <span class='ocrx_word' id='word_1_146' title='bbox 880 1396 982 1428; x_wconf 51' lang='lat' dir='ltr'>‚Mara</span> <span class='ocrx_word' id='word_1_147' title='bbox 1001 1406 1032 1427; x_wconf 82' lang='lat' dir='ltr'>a.</span> <span class='ocrx_word' id='word_1_148' title='bbox 1052 1406 1106 1436; x_wconf 71' lang='lat'>705</span> <span class='ocrx_word' id='word_1_149' title='bbox 1121 1394 1208 1437; x_wconf 79' lang='lat'><strong>(49).</strong></span> 
     </span>
     <span class='ocr_line' id='line_1_19' title="bbox 549 1485 1056 1518; baseline 0.004 -2"><span class='ocrx_word' id='word_1_150' title='bbox 549 1486 721 1517; x_wconf 78' lang='lat' dir='ltr'><em>CICERO</em></span> <span class='ocrx_word' id='word_1_151' title='bbox 744 1486 924 1516; x_wconf 85' lang='lat' dir='ltr'><em>ATTICO</em></span> <span class='ocrx_word' id='word_1_152' title='bbox 948 1485 1056 1518; x_wconf 76' lang='lat' dir='ltr'><em>SAL.</em></span> 
     </span>
    </p>
   </div>
   <div class='ocr_carea' id='block_1_4' title="bbox 83 1557 1515 2195">
    <p class='ocr_par' dir='ltr' id='par_1_4' title="bbox 83 1557 1515 2195">
     <span class='ocr_line' id='line_1_20' title="bbox 196 1557 1509 1609; baseline 0.001 -13"><span class='ocrx_word' id='word_1_153' title='bbox 196 1559 281 1608; x_wconf 81' lang='lat' dir='ltr'>Ego</span> <span class='ocrx_word' id='word_1_154' title='bbox 312 1558 383 1596; x_wconf 85' lang='lat' dir='ltr'>etsi</span> <span class='ocrx_word' id='word_1_155' title='bbox 414 1566 493 1596; x_wconf 92' lang='lat' dir='ltr'>tam</span> <span class='ocrx_word' id='word_1_156' title='bbox 523 1559 591 1597; x_wconf 88' lang='lat' dir='ltr'>diu</span> <span class='ocrx_word' id='word_1_157' title='bbox 622 1559 826 1609; x_wconf 83' lang='lat' dir='ltr'>requiesco</span> <span class='ocrx_word' id='word_1_158' title='bbox 859 1572 977 1608; x_wconf 86' lang='lat' dir='ltr'>quam</span> <span class='ocrx_word' id='word_1_159' title='bbox 1003 1558 1070 1596; x_wconf 91' lang='lat' dir='ltr'>diu</span> <span class='ocrx_word' id='word_1_160' title='bbox 1099 1566 1165 1596; x_wconf 87' lang='lat' dir='ltr'>aut</span> <span class='ocrx_word' id='word_1_161' title='bbox 1194 1559 1245 1596; x_wconf 88' lang='lat' dir='ltr'>ad</span> <span class='ocrx_word' id='word_1_162' title='bbox 1274 1565 1312 1596; x_wconf 89' lang='lat' dir='ltr'>te</span> <span class='ocrx_word' id='word_1_163' title='bbox 1343 1557 1471 1595; x_wconf 90' lang='lat' dir='ltr'>scribo</span> <span class='ocrx_word' id='word_1_164' title='bbox 1490 1569 1509 1597; x_wconf 92' lang='lat'>1</span> 
     </span>
     <span class='ocr_line' id='line_1_21' title="bbox 83 1623 1472 1674; baseline 0.001 -15"><span class='ocrx_word' id='word_1_165' title='bbox 83 1638 121 1659; x_wconf 90' lang='lat'>20</span> <span class='ocrx_word' id='word_1_166' title='bbox 139 1631 207 1660; x_wconf 88' lang='lat' dir='ltr'>aut</span> <span class='ocrx_word' id='word_1_167' title='bbox 227 1632 313 1662; x_wconf 88' lang='lat' dir='ltr'>tuas</span> <span class='ocrx_word' id='word_1_168' title='bbox 335 1624 480 1662; x_wconf 82' lang='lat' dir='ltr'>litteras</span> <span class='ocrx_word' id='word_1_169' title='bbox 501 1626 598 1674; x_wconf 85' lang='lat' dir='ltr'>lego,</span> <span class='ocrx_word' id='word_1_170' title='bbox 623 1633 756 1663; x_wconf 88' lang='lat' dir='ltr'>tamen</span> <span class='ocrx_word' id='word_1_171' title='bbox 777 1633 815 1662; x_wconf 88' lang='lat' dir='ltr'>et</span> <span class='ocrx_word' id='word_1_172' title='bbox 842 1624 925 1674; x_wconf 86' lang='lat' dir='ltr'>ipse</span> <span class='ocrx_word' id='word_1_173' title='bbox 955 1638 1052 1674; x_wconf 79' lang='lat' dir='ltr'>egeo</span> <span class='ocrx_word' id='word_1_174' title='bbox 1079 1631 1310 1673; x_wconf 84' lang='lat' dir='ltr'>argumento</span> <span class='ocrx_word' id='word_1_175' title='bbox 1331 1623 1472 1672; x_wconf 87' lang='lat' dir='ltr'>epistu-</span> 
     </span>
     <span class='ocr_line' id='line_1_22' title="bbox 140 1688 1472 1737; baseline -0.001 -11"><span class='ocrx_word' id='word_1_176' title='bbox 140 1690 263 1726; x_wconf 87' lang='lat' dir='ltr'>larum</span> <span class='ocrx_word' id='word_1_177' title='bbox 285 1698 323 1727; x_wconf 92' lang='lat' dir='ltr'>et</span> <span class='ocrx_word' id='word_1_178' title='bbox 344 1689 414 1727; x_wconf 89' lang='lat' dir='ltr'>tibi</span> <span class='ocrx_word' id='word_1_179' title='bbox 440 1690 545 1728; x_wconf 89' lang='lat' dir='ltr'>idem</span> <span class='ocrx_word' id='word_1_180' title='bbox 576 1690 756 1728; x_wconf 87' lang='lat' dir='ltr'>accidere</span> <span class='ocrx_word' id='word_1_181' title='bbox 781 1698 887 1728; x_wconf 85' lang='lat' dir='ltr'>certo</span> <span class='ocrx_word' id='word_1_182' title='bbox 909 1689 1000 1727; x_wconf 90' lang='lat' dir='ltr'>scio.</span> <span class='ocrx_word' id='word_1_183' title='bbox 1063 1690 1176 1737; x_wconf 83' lang='lat' dir='ltr'>Quae</span> <span class='ocrx_word' id='word_1_184' title='bbox 1206 1688 1311 1726; x_wconf 91' lang='lat' dir='ltr'>enim</span> <span class='ocrx_word' id='word_1_185' title='bbox 1342 1689 1472 1726; x_wconf 91' lang='lat' dir='ltr'>soluto</span> 
     </span>
     <span class='ocr_line' id='line_1_23' title="bbox 139 1753 1472 1804; baseline 0 -14"><span class='ocrx_word' id='word_1_186' title='bbox 139 1753 272 1792; x_wconf 86' lang='lat' dir='ltr'>animo</span> <span class='ocrx_word' id='word_1_187' title='bbox 293 1755 531 1793; x_wconf 84' lang='lat' dir='ltr'>familiariter</span> <span class='ocrx_word' id='word_1_188' title='bbox 557 1754 673 1792; x_wconf 85' lang='lat' dir='ltr'>scribi</span> <span class='ocrx_word' id='word_1_189' title='bbox 701 1757 828 1793; x_wconf 89' lang='lat' dir='ltr'>solent</span> <span class='ocrx_word' id='word_1_190' title='bbox 849 1768 895 1792; x_wconf 91' lang='lat' dir='ltr'>ea</span> <span class='ocrx_word' id='word_1_191' title='bbox 916 1754 1158 1804; x_wconf 87' lang='lat' dir='ltr'>temporibus</span> <span class='ocrx_word' id='word_1_192' title='bbox 1180 1753 1239 1791; x_wconf 89' lang='lat' dir='ltr'>his</span> <span class='ocrx_word' id='word_1_193' title='bbox 1261 1754 1472 1791; x_wconf 81' lang='lat' dir='ltr'>excludun-</span> 
     </span>
     <span class='ocr_line' id='line_1_24' title="bbox 139 1818 1468 1869; baseline -0.001 -13"><span class='ocrx_word' id='word_1_194' title='bbox 139 1826 210 1865; x_wconf 88' lang='lat' dir='ltr'>tur,</span> <span class='ocrx_word' id='word_1_195' title='bbox 235 1832 335 1868; x_wconf 86' lang='lat' dir='ltr'>quae</span> <span class='ocrx_word' id='word_1_196' title='bbox 355 1828 487 1858; x_wconf 86' lang='lat' dir='ltr'>autem</span> <span class='ocrx_word' id='word_1_197' title='bbox 510 1828 599 1857; x_wconf 89' lang='lat' dir='ltr'>sunt</span> <span class='ocrx_word' id='word_1_198' title='bbox 620 1821 761 1858; x_wconf 87' lang='lat' dir='ltr'>horum</span> <span class='ocrx_word' id='word_1_199' title='bbox 784 1828 1007 1869; x_wconf 85' lang='lat' dir='ltr'>temporum</span> <span class='ocrx_word' id='word_1_200' title='bbox 1035 1832 1081 1857; x_wconf 88' lang='lat' dir='ltr'>ea</span> <span class='ocrx_word' id='word_1_201' title='bbox 1102 1818 1179 1856; x_wconf 85' lang='lat' dir='ltr'>iam</span> <span class='ocrx_word' id='word_1_202' title='bbox 1202 1818 1468 1856; x_wconf 81' lang='lat' dir='ltr'>contrivimus.</span> 
     </span>
     <span class='ocr_line' id='line_1_25' title="bbox 141 1883 1470 1934; baseline -0.002 -12"><span class='ocrx_word' id='word_1_203' title='bbox 141 1885 218 1922; x_wconf 84' lang='lat' dir='ltr'>Sed</span> <span class='ocrx_word' id='word_1_204' title='bbox 247 1892 378 1923; x_wconf 84' lang='lat' dir='ltr'>tamen</span> <span class='ocrx_word' id='word_1_205' title='bbox 410 1899 460 1922; x_wconf 88' lang='lat' dir='ltr'>ne</span> <span class='ocrx_word' id='word_1_206' title='bbox 495 1898 558 1922; x_wconf 85' lang='lat' dir='ltr'>me</span> <span class='ocrx_word' id='word_1_207' title='bbox 588 1892 715 1922; x_wconf 88' lang='lat' dir='ltr'>totum</span> <span class='ocrx_word' id='word_1_208' title='bbox 747 1884 982 1934; x_wconf 78' lang='lat' dir='ltr'>aegritudini</span> <span class='ocrx_word' id='word_1_209' title='bbox 1012 1885 1168 1930; x_wconf 85' lang='lat' dir='ltr'>dedam,</span> <span class='ocrx_word' id='word_1_210' title='bbox 1196 1884 1344 1933; x_wconf 87' lang='lat' dir='ltr'>sumpsi</span> <span class='ocrx_word' id='word_1_211' title='bbox 1375 1883 1470 1920; x_wconf 87' lang='lat' dir='ltr'>mihi</span> 
     </span>
     <span class='ocr_line' id='line_1_26' title="bbox 83 1950 1472 1999; baseline 0 -13"><span class='ocrx_word' id='word_1_212' title='bbox 83 1963 120 1994; x_wconf 87' lang='lat'>25</span> <span class='ocrx_word' id='word_1_213' title='bbox 140 1950 331 1998; x_wconf 84' lang='lat' dir='ltr'>quasdam</span> <span class='ocrx_word' id='word_1_214' title='bbox 360 1957 561 1999; x_wconf 85' lang='lat' dir='ltr'>tamquam</span> <span class='ocrx_word' id='word_1_215' title='bbox 591 1950 711 1990; x_wconf 79' lang='grc' dir='ltr'>θέσεις</span> <span class='ocrx_word' id='word_1_216' title='bbox 737 1964 838 1999; x_wconf 89' lang='lat' dir='ltr'>quae</span> <span class='ocrx_word' id='word_1_217' title='bbox 868 1958 905 1987; x_wconf 91' lang='lat' dir='ltr'>et</span> <span class='ocrx_word' id='word_1_218' title='bbox 935 1951 1122 1988; x_wconf 78' lang='grc' dir='ltr'>πολιτικαὶ</span> <span class='ocrx_word' id='word_1_219' title='bbox 1144 1957 1234 1987; x_wconf 86' lang='lat' dir='ltr'>sunt</span> <span class='ocrx_word' id='word_1_220' title='bbox 1258 1957 1295 1986; x_wconf 89' lang='lat' dir='ltr'>et</span> <span class='ocrx_word' id='word_1_221' title='bbox 1323 1956 1472 1998; x_wconf 88' lang='lat' dir='ltr'>tempo-</span> 
     </span>
     <span class='ocr_line' id='line_1_27' title="bbox 139 2009 1471 2064; baseline 0.001 -14"><span class='ocrx_word' id='word_1_222' title='bbox 139 2027 224 2051; x_wconf 89' lang='lat' dir='ltr'>rum</span> <span class='ocrx_word' id='word_1_223' title='bbox 247 2015 397 2060; x_wconf 82' lang='lat' dir='ltr'>horum,</span> <span class='ocrx_word' id='word_1_224' title='bbox 417 2022 459 2052; x_wconf 87' lang='lat' dir='ltr'>ut</span> <span class='ocrx_word' id='word_1_225' title='bbox 475 2022 512 2052; x_wconf 85' lang='lat' dir='ltr'>et</span> <span class='ocrx_word' id='word_1_226' title='bbox 532 2015 729 2052; x_wconf 87' lang='lat' dir='ltr'>abducam</span> <span class='ocrx_word' id='word_1_227' title='bbox 751 2014 927 2052; x_wconf 83' lang='lat' dir='ltr'>animum</span> <span class='ocrx_word' id='word_1_228' title='bbox 944 2009 994 2052; x_wconf 86' lang='lat' dir='ltr'>ab</span> <span class='ocrx_word' id='word_1_229' title='bbox 1017 2014 1184 2064; x_wconf 88' lang='lat' dir='ltr'>querelis</span> <span class='ocrx_word' id='word_1_230' title='bbox 1201 2022 1238 2051; x_wconf 90' lang='lat' dir='ltr'>et</span> <span class='ocrx_word' id='word_1_231' title='bbox 1255 2013 1294 2050; x_wconf 89' lang='lat' dir='ltr'>in</span> <span class='ocrx_word' id='word_1_232' title='bbox 1316 2027 1364 2051; x_wconf 90' lang='lat' dir='ltr'>eo</span> <span class='ocrx_word' id='word_1_233' title='bbox 1386 2013 1471 2063; x_wconf 91' lang='lat' dir='ltr'>ipso</span> 
     </span>
     <span class='ocr_line' id='line_1_28' title="bbox 139 2079 1187 2128; baseline 0 -12"><span class='ocrx_word' id='word_1_234' title='bbox 139 2080 189 2116; x_wconf 87' lang='lat' dir='ltr'>de</span> <span class='ocrx_word' id='word_1_235' title='bbox 210 2092 289 2128; x_wconf 85' lang='lat' dir='ltr'>quo</span> <span class='ocrx_word' id='word_1_236' title='bbox 308 2079 433 2128; x_wconf 78' lang='lat' dir='ltr'>agitur</span> <span class='ocrx_word' id='word_1_237' title='bbox 454 2092 641 2117; x_wconf 76' lang='lat' dir='ltr'>exercear.</span> <span class='ocrx_word' id='word_1_238' title='bbox 703 2081 784 2117; x_wconf 86' lang='lat' dir='ltr'>Eae</span> <span class='ocrx_word' id='word_1_239' title='bbox 806 2087 895 2116; x_wconf 87' lang='lat' dir='ltr'>sunt</span> <span class='ocrx_word' id='word_1_240' title='bbox 917 2079 1032 2116; x_wconf 87' lang='lat' dir='ltr'>huius</span> <span class='ocrx_word' id='word_1_241' title='bbox 1055 2079 1163 2117; x_wconf 86' lang='lat' dir='ltr'>modi</span> <span class='ocrx_word' id='word_1_242' title='bbox 1181 2095 1187 2117; x_wconf 86' lang='lat'><strong>:</strong></span> 
     </span>
     <span class='ocr_line' id='line_1_29' title="bbox 192 2144 1515 2195; baseline 0.001 -15"><span class='ocrx_word' id='word_1_243' title='bbox 192 2147 238 2181; x_wconf 82' lang='grc' dir='ltr'>Εἰ</span> <span class='ocrx_word' id='word_1_244' title='bbox 261 2144 430 2194; x_wconf 76' lang='grc' dir='ltr'>μενετέον</span> <span class='ocrx_word' id='word_1_245' title='bbox 461 2149 498 2183; x_wconf 85' lang='grc' dir='ltr'>ἐν</span> <span class='ocrx_word' id='word_1_246' title='bbox 530 2148 577 2195; x_wconf 85' lang='grc' dir='ltr'>τῇ</span> <span class='ocrx_word' id='word_1_247' title='bbox 609 2145 756 2194; x_wconf 77' lang='grc' dir='ltr'>πατρίδι</span> <span class='ocrx_word' id='word_1_248' title='bbox 786 2146 1076 2194; x_wconf 75' lang='grc' dir='ltr'>τυραννουμένης</span> <span class='ocrx_word' id='word_1_249' title='bbox 1107 2146 1229 2193; x_wconf 72' lang='grc' dir='ltr'>αὐτῆς.</span> <span class='ocrx_word' id='word_1_250' title='bbox 1287 2146 1334 2182; x_wconf 82' lang='grc' dir='ltr'>Εἰ</span> <span class='ocrx_word' id='word_1_251' title='bbox 1361 2144 1471 2183; x_wconf 80' lang='grc' dir='ltr'>παντὶ</span> <span class='ocrx_word' id='word_1_252' title='bbox 1490 2154 1515 2181; x_wconf 85' lang='grc'>2</span> 
     </span>
    </p>
   </div>
   <div class='ocr_carea' id='block_1_5' title="bbox 136 2209 1471 2262">
    <p class='ocr_par' dir='ltr' id='par_1_5' title="bbox 136 2209 1471 2262">
     <span class='ocr_line' id='line_1_30' title="bbox 136 2209 1471 2262; baseline 0.001 -16"><span class='ocrx_word' id='word_1_253' title='bbox 136 2210 260 2261; x_wconf 73' lang='grc' dir='ltr'>τρόπῳ</span> <span class='ocrx_word' id='word_1_254' title='bbox 301 2210 509 2260; x_wconf 79' lang='grc' dir='ltr'>τυραννίδος</span> <span class='ocrx_word' id='word_1_255' title='bbox 548 2211 751 2248; x_wconf 81' lang='grc' dir='ltr'>κατάλυσιν</span> <span class='ocrx_word' id='word_1_256' title='bbox 795 2211 1096 2262; x_wconf 81' lang='grc' dir='ltr'>πραγματευτέον</span> <span class='ocrx_word' id='word_1_257' title='bbox 1136 2209 1203 2248; x_wconf 73' lang='grc' dir='ltr'>κᾶν</span> <span class='ocrx_word' id='word_1_258' title='bbox 1248 2211 1373 2260; x_wconf 83' lang='grc' dir='ltr'>μέλλῃ</span> <span class='ocrx_word' id='word_1_259' title='bbox 1413 2210 1471 2248; x_wconf 79' lang='grc' dir='ltr'>διὸ.</span> 
     </span>
    </p>
   </div>
   <div class='ocr_carea' id='block_1_6' title="bbox 138 2323 1475 2494">
    <p class='ocr_par' dir='ltr' id='par_1_6' title="bbox 138 2323 1475 2494">
     <span class='ocr_line' id='line_1_31' title="bbox 181 2323 1470 2364; baseline 0 -10"><span class='ocrx_word' id='word_1_260' title='bbox 181 2326 202 2354; x_wconf 88' lang='grc'>6</span> <span class='ocrx_word' id='word_1_261' title='bbox 225 2324 305 2364; x_wconf 86' lang='lat' dir='ltr'>quo]</span> <span class='ocrx_word' id='word_1_262' title='bbox 324 2325 413 2363; x_wconf 89' lang='lat' dir='ltr'>quod</span> <span class='ocrx_word' id='word_1_263' title='bbox 431 2324 516 2355; x_wconf 75' lang='lat' dir='ltr'>Rav.</span> <span class='ocrx_word' id='word_1_264' title='bbox 588 2329 622 2354; x_wconf 82' lang='lat' dir='ltr'>et</span> <span class='ocrx_word' id='word_1_265' title='bbox 638 2334 702 2354; x_wconf 84' lang='lat' dir='ltr'>om.</span> <span class='ocrx_word' id='word_1_266' title='bbox 720 2324 805 2354; x_wconf 81' lang='lat' dir='ltr'>Rav.</span> <span class='ocrx_word' id='word_1_267' title='bbox 899 2335 920 2363; x_wconf 92' lang='lat'>9</span> <span class='ocrx_word' id='word_1_268' title='bbox 944 2325 985 2354; x_wconf 83' lang='lat' dir='ltr'>ad</span> <span class='ocrx_word' id='word_1_269' title='bbox 1000 2327 1042 2355; x_wconf 83' lang='grc' dir='ltr'>Σ;</span> <span class='ocrx_word' id='word_1_270' title='bbox 1070 2334 1134 2353; x_wconf 83' lang='lat' dir='ltr'>om.</span> <span class='ocrx_word' id='word_1_271' title='bbox 1150 2328 1178 2353; x_wconf 94' lang='grc' dir='ltr'>Δ</span> <span class='ocrx_word' id='word_1_272' title='bbox 1268 2334 1312 2353; x_wconf 83' lang='grc' dir='ltr'>2ο</span> <span class='ocrx_word' id='word_1_273' title='bbox 1329 2333 1414 2362; x_wconf 81' lang='lat' dir='ltr'>egeo</span> <span class='ocrx_word' id='word_1_274' title='bbox 1430 2323 1470 2354; x_wconf 83' lang='lat' dir='ltr'>I:</span> 
     </span>
     <span class='ocr_line' id='line_1_32' title="bbox 139 2366 1471 2407; baseline -0.001 -10"><span class='ocrx_word' id='word_1_275' title='bbox 139 2377 203 2406; x_wconf 85' lang='lat' dir='ltr'>ego</span> <span class='ocrx_word' id='word_1_276' title='bbox 214 2367 256 2396; x_wconf 91' lang='lat' dir='ltr'><em>M</em></span> <span class='ocrx_word' id='word_1_277' title='bbox 341 2379 382 2397; x_wconf 90' lang='grc'>22</span> <span class='ocrx_word' id='word_1_278' title='bbox 400 2378 438 2398; x_wconf 84' lang='lat' dir='ltr'>ea</span> <span class='ocrx_word' id='word_1_279' title='bbox 454 2368 634 2397; x_wconf 79' lang='lat' dir='ltr'>Ascensizts</span> <span class='ocrx_word' id='word_1_280' title='bbox 649 2379 655 2397; x_wconf 88' lang='lat'><strong>:</strong></span> <span class='ocrx_word' id='word_1_281' title='bbox 679 2378 698 2397; x_wconf 84' lang='lat' dir='ltr'>e</span> <span class='ocrx_word' id='word_1_282' title='bbox 715 2368 770 2397; x_wconf 68' lang='lat' dir='ltr'>M:</span> <span class='ocrx_word' id='word_1_283' title='bbox 785 2380 791 2397; x_wconf 92' lang='lat'>:</span> <span class='ocrx_word' id='word_1_284' title='bbox 818 2378 884 2398; x_wconf 85' lang='lat' dir='ltr'>om.</span> <span class='ocrx_word' id='word_1_285' title='bbox 903 2367 959 2396; x_wconf 71' lang='grc' dir='ltr'>Μ’1</span> <span class='ocrx_word' id='word_1_286' title='bbox 1049 2368 1091 2396; x_wconf 89' lang='grc'>28</span> <span class='ocrx_word' id='word_1_287' title='bbox 1108 2366 1357 2407; x_wconf 78' lang='grc' dir='ltr'>τυραννουμένης</span> <span class='ocrx_word' id='word_1_288' title='bbox 1373 2367 1471 2405; x_wconf 83' lang='grc' dir='ltr'>αὐτῆς</span> 
     </span>
     <span class='ocr_line' id='line_1_33' title="bbox 138 2409 1469 2451; baseline -0.001 -12"><span class='ocrx_word' id='word_1_289' title='bbox 138 2411 182 2440; x_wconf 75' lang='lat' dir='ltr'>ita</span> <span class='ocrx_word' id='word_1_290' title='bbox 197 2411 268 2449; x_wconf 73' lang='lat' dir='ltr'>fere</span> <span class='ocrx_word' id='word_1_291' title='bbox 293 2410 361 2440; x_wconf 70' lang='grc' dir='ltr'>ΕΡ</span> <span class='ocrx_word' id='word_1_292' title='bbox 382 2411 469 2441; x_wconf 74' lang='lat' dir='ltr'>Crat.</span> <span class='ocrx_word' id='word_1_293' title='bbox 490 2423 497 2441; x_wconf 70' lang='grc' dir='ltr'>ι</span> <span class='ocrx_word' id='word_1_294' title='bbox 532 2410 781 2451; x_wconf 81' lang='grc' dir='ltr'>τυραννουμένης</span> <span class='ocrx_word' id='word_1_295' title='bbox 809 2411 834 2439; x_wconf 75' lang='grc' dir='ltr'>δ’</span> <span class='ocrx_word' id='word_1_296' title='bbox 857 2410 956 2448; x_wconf 82' lang='grc' dir='ltr'>αὐτῆς</span> <span class='ocrx_word' id='word_1_297' title='bbox 981 2410 1043 2440; x_wconf 88' lang='lat' dir='ltr'>M:</span> <span class='ocrx_word' id='word_1_298' title='bbox 1088 2409 1336 2450; x_wconf 84' lang='grc' dir='ltr'>τυραννουμένῃ·</span> <span class='ocrx_word' id='word_1_299' title='bbox 1360 2422 1469 2449; x_wconf 85' lang='grc' dir='ltr'>τυραν-</span> 
     </span>
     <span class='ocr_line' id='line_1_34' title="bbox 138 2452 1475 2494; baseline 0 -12"><span class='ocrx_word' id='word_1_300' title='bbox 138 2453 287 2493; x_wconf 79' lang='grc' dir='ltr'>νουμένης</span> <span class='ocrx_word' id='word_1_301' title='bbox 302 2454 325 2484; x_wconf 84' lang='grc' dir='ltr'>δ’</span> <span class='ocrx_word' id='word_1_302' title='bbox 338 2455 434 2492; x_wconf 76' lang='grc' dir='ltr'>αὐτῆς</span> <span class='ocrx_word' id='word_1_303' title='bbox 450 2458 519 2485; x_wconf 74' lang='lat' dir='ltr'>vett.</span> <span class='ocrx_word' id='word_1_304' title='bbox 614 2465 656 2492; x_wconf 89' lang='grc'>29</span> <span class='ocrx_word' id='word_1_305' title='bbox 674 2453 936 2494; x_wconf 71' lang='grc' dir='ltr'>πραγματευτέον</span> <span class='ocrx_word' id='word_1_306' title='bbox 951 2453 978 2484; x_wconf 89' lang='lat' dir='ltr'><em>C</em></span> <span class='ocrx_word' id='word_1_307' title='bbox 991 2457 1020 2484; x_wconf 78' lang='lat' dir='ltr'>el</span> <span class='ocrx_word' id='word_1_308' title='bbox 1036 2454 1081 2484; x_wconf 74' lang='lat' dir='ltr'>ila</span> <span class='ocrx_word' id='word_1_309' title='bbox 1090 2454 1159 2492; x_wconf 66' lang='lat' dir='ltr'>sere</span> <span class='ocrx_word' id='word_1_310' title='bbox 1171 2452 1259 2483; x_wconf 76' lang='lat' dir='ltr'>RF:</span> <span class='ocrx_word' id='word_1_311' title='bbox 1283 2453 1419 2494; x_wconf 88' lang='grc' dir='ltr'>πρατέον</span> <span class='ocrx_word' id='word_1_312' title='bbox 1433 2453 1475 2482; x_wconf 91' lang='lat' dir='ltr'><em>M</em></span> 
     </span>
    </p>
   </div>
  </div>
 </body>
</html>
