1742 2651
69 111 163 147 XII.
188 110 233 146 Vi
568 110 622 146 M.
655 109 822 145 TVLLI
856 108 1162 146 CICERONIS

201 223 362 259 sortasse
382 221 515 270 aliquo
537 220 706 269 negotio.
751 222 800 257 Et
823 233 892 269 pro
914 219 987 257 isto
1008 233 1097 257 asso
1118 221 1199 258 sole
1221 232 1301 269 quo
1322 225 1363 257 tu
1384 219 1530 257 abusus

201 300 242 325 es
270 286 309 323 in
337 294 470 325 nostro
498 287 650 336 pratulo
679 300 702 323 a
731 293 769 323 te
799 285 968 323 nitidum
999 286 1122 323 solem
1153 292 1396 334 unctumque
1426 297 1532 333 repe—

202 358 340 389 temus.
400 352 477 389 Sed
498 352 548 388 ad
575 350 700 399 prima
727 351 855 388 redeo.
918 349 1092 397 Librum,
1116 349 1147 387 si
1175 363 1237 388 me
1264 363 1382 395 amas,
1407 348 1527 386 mitte.

203 418 313 454 Tuus
335 424 391 454 est
413 416 516 454 enim
542 417 732 465 profecto,
757 415 945 464 quoniam
970 414 1131 464 quidem
1159 423 1216 453 est
1241 415 1382 452 missus
1405 415 1455 452 ad
1480 421 1528 451 te.

160 485 184 522 3
368 480 592 527 ‘Chremes
622 488 828 518 tantumne
855 481 906 518 ab
936 480 975 517 re
1006 488 1072 517 tua
1101 487 1159 517 est
1189 482 1243 518 oti
1274 480 1368 526 tibi‚’
1551 492 1569 524 5

203 554 245 584 ut
275 546 391 584 etiam
421 547 627 584 Oratorem
658 547 791 594 legas?
851 547 983 582 Macte
1013 544 1177 582 virtute!
1236 544 1339 582 Mihi
1369 544 1531 594 quidem

202 620 353 661 gratum
385 616 440 648 es!
471 618 508 648 et
540 611 610 648 erit
641 610 785 660 gratius
818 610 847 647 si
883 623 963 648 non
996 611 1118 647 modo
1149 609 1188 646 in
1216 609 1292 647 tuis
1322 609 1427 647 libris
1462 609 1532 647 sed

204 677 320 715 etiam
349 676 386 713 in
422 676 587 714 aliorum
615 690 682 726 per
717 676 892 713 librarios
925 683 1013 713 tuos
1044 674 1393 724 ‘Aristophanem'
1425 687 1534 723 repo-

159 754 185 792 4
206 741 326 780 sueris
354 755 423 790 pro
447 741 638 791 ‘Eup01i.⁷
697 742 841 779 Caesar
866 748 999 778 autem
1027 739 1123 777 mihi
1152 739 1318 778 inridere
1345 739 1448 777 visus
1476 746 1533 776 est

208 809 397 856 ‘quaeso'
424 806 520 844 illud
543 814 664 853 tuum,
689 807 796 855 quod
824 813 904 844 erat
929 813 966 843 et
991 807 1129 845 εὐπινὲς
1149 812 1187 843 θῖ
1208 805 1412 843 urbanum.
1474 805 1535 842 Ita
1557 819 1595 842 10

204 885 318 922 porro
340 879 377 909 te
398 871 481 909 sine
502 884 595 909 cura
621 884 706 909 esse
734 871 842 908 iussit
864 878 906 908 ut
931 871 1026 908 mihi
1052 870 1213 920 quidem
1244 869 1532 907 dubitationem

204 950 364 975 omnem
386 938 548 974 tolleret.
599 936 772 973 Atticam
795 937 912 973 doleo
934 942 1011 973 tam
1033 935 1101 973 diu
1117 950 1127 982 3
1156 936 1225 973 sed
1247 934 1434 984 quoniam
1456 934 1533 972 iam

204 1002 287 1041 sine
309 1004 467 1040 horrore
488 1009 559 1049 est,
581 1015 695 1051 spero
716 1014 800 1039 esse
822 1008 863 1039 ut
884 1003 1076 1039 volumus.

246 1157 340 1193 VII
438 1160 509 1192 Scr.
529 1161 563 1191 in
586 1160 772 1192 Tusculano
790 1171 832 1190 m.
854 1160 957 1190 intere.
973 1162 1056 1199 post.
1077 1169 1106 1189 a.
1131 1160 1190 1198 708
1207 1157 1294 1199 (46).

619 1248 791 1279 CICERO
813 1247 995 1279 ATTICO
1018 1245 1124 1278 SAL.
1559 1251 1595 1284 15

168 1353 186 1380 1
261 1341 374 1389 Quae
404 1339 604 1378 desideras
632 1338 765 1377 omnia
795 1337 928 1388 scripsi
960 1337 999 1375 in
1029 1336 1221 1375 codicillis
1251 1348 1398 1385 eosque
1427 1334 1536 1373 Eroti

206 1406 324 1452 dedi3
368 1405 544 1450 breviter,
582 1405 651 1442 sed
687 1404 802 1442 etiam
839 1405 949 1452 plura
983 1416 1102 1452 quam
1137 1401 1301 1451 quaeris,
1334 1401 1373 1438 in
1408 1400 1452 1438 iis
1487 1401 1537 1438 de

208 1471 425 1516 Cicerone3
465 1470 575 1507 cuius
606 1469 767 1519 quidem
795 1467 1043 1517 cogitationis
1068 1467 1221 1505 initium
1247 1474 1288 1504 tu
1319 1465 1413 1503 mihi
1440 1473 1537 1503 attu-

206 1536 293 1573 listi.
354 1537 528 1573 Locutus
568 1548 653 1572 sum
686 1548 775 1572 cum
811 1547 859 1571 eo
894 1532 1185 1573 liberalissime:
1229 1532 1337 1581 quod
1372 1545 1418 1569 ex
1452 1530 1537 1580 ipso

206 1601 333 1646 velim,
363 1600 393 1638 si
424 1601 546 1638 modo
573 1599 644 1637 tibi
674 1599 744 1637 erit
774 1599 1043 1645 commodum,
1067 1597 1273 1635 sciscitere.
1334 1597 1411 1633 Sed
1441 1595 1537 1645 quid
1559 1608 1597 1630 20

206 1666 372 1704 differo?
431 1664 605 1714 Exposui
626 1672 663 1702 te
683 1666 817 1701 adme
838 1663 1025 1701 detulisse
1053 1670 1090 1700 et
1115 1662 1210 1711 quid
1238 1662 1353 1699 vellet
1377 1668 1414 1698 et
1442 1660 1537 1709 quid

208 1731 428 1781 requireret.
488 1731 600 1768 Velle
630 1729 877 1779 Hispaniam,
914 1728 1107 1778 requirere
1134 1726 1416 1765 liberalitatem.
1477 1727 1538 1763 De

208 1796 437 1835 liberalitate
459 1795 547 1841 dixi,
572 1803 763 1845 quantum
789 1794 990 1840 Publilius,
1015 1800 1205 1843 quantum
1228 1793 1370 1829 flamen
1397 1792 1539 1828 Lentu-

208 1863 268 1899 lus
289 1861 379 1899 filio.
442 1862 502 1898 De
526 1860 720 1909 Hispania
741 1861 822 1897 duo
849 1858 971 1905 attuli,
995 1857 1165 1907 primum
1189 1856 1295 1894 idem
1321 1856 1428 1905 quod
1456 1854 1536 1901 tibi,

210 1940 273 1964 me
307 1925 427 1964 vereri
461 1924 800 1974 vituperationem.
861 1925 954 1961 Non
993 1922 1084 1960 satis
1119 1935 1203 1959 esse
1237 1921 1268 1958 si
1302 1921 1399 1957 haee
1432 1932 1540 1956 arma
1561 1933 1597 1964 25

210 1991 530 2040 reliquissemus?
560 1990 677 2028 etiam
702 1989 924 2029 contraria?
983 1989 1138 2026 Deinde
1166 1989 1246 2025 fore
1271 1994 1312 2024 ut
1336 1993 1541 2035 angeretur

209 2070 299 2095 cum
321 2069 342 2093 a
364 2057 477 2094 fratre
505 2055 764 2093 familiaritate
786 2062 823 2092 et
844 2053 953 2092 omni
973 2053 1095 2103 gratia
1110 2052 1338 2090 vinceretur.
1385 2051 1539 2088 Vellem

255 2172 274 2200 5
299 2161 479 2201 Chremes]
512 2161 562 2190 hic
583 2159 736 2190 Sclzmz'dl
760 2165 805 2199 ep.
832 2169 954 2189 novam
987 2158 1096 2198 inczfiit
1121 2157 1274 2196 scriplum
1299 2157 1331 2185 in
1358 2154 1542 2185 Tusculano

212 2216 320 2235 mense
336 2205 518 2235 intmalam'
530 2205 700 2243 posteriore
716 2214 748 2234 (ι.
772 2205 832 2242 708
851 2204 925 2241 (4⁶3
1066 2211 1083 2239 7
1109 2206 1159 2231 est
1176 2199 1251 2230 add.
1274 2199 1375 2229 Orelli
1474 2199 1542 2228 tuis

212 2249 306 2279 libris
326 2253 347 2280 Σ
367 2248 472 2280 Cum:
500 2248 595 2278 libris
612 2247 677 2278 tuis
695 2253 723 2277 Δ
817 2257 855 2275 10
879 2250 911 2275 et
928 2245 992 2275 ER
1012 2245 1120 2275 Crat.:
1146 2255 1209 2274 om.
1226 2243 1267 2273 M
1356 2252 1394 2271 12
1414 2242 1540 2272 tamdiu

212 2292 233 2321 I
245 2292 330 2332 vulg.
471 2302 507 2320 21
535 2292 576 2321 ad
594 2292 671 2321 coni.
692 2290 808 2320 Lamb.
826 2301 831 2319 :
858 2300 901 2319 ex
918 2288 1003 2319 codd.
1113 2288 1208 2327 prius
1224 2291 1258 2316 et
1275 2286 1370 2325 quid]
1389 2286 1509 2324 ecquid
1524 2284 1546 2314 I

213 2336 290 2373 (his)
405 2345 444 2373 27
470 2335 599 2364 Vellem
618 2334 725 2373 magis
742 2333 842 2363 Boot:
866 2333 918 2363 vel
937 2333 1035 2362 imma
1054 2330 1126 2363 ΜΗ
1151 2330 1201 2361 vel
1221 2330 1323 2360 nimia
1341 2328 1413 2358 M2:
1439 2328 1540 2358 vellet

212 2379 318 2417 magis
338 2378 453 2408 Orelli:
481 2378 534 2407 Me
553 2388 627 2407 eum
646 2377 743 2407 malle
761 2377 883 2407 ilsz'illm·
