1742 2651
158 512 175 543 5

604 129 715 166 EPP.
750 129 826 165 AD
856 127 1116 165 ATTICVM
1389 124 1508 161 XIII.
1531 123 1562 160 li

195 241 360 291 puderet
389 239 445 278 tui
479 253 529 279 ne
563 239 725 278 ridicule
750 239 976 285 †micillus†,
1006 251 1080 276 nec
1108 251 1171 275 me
1196 237 1354 275 hercule
1389 234 1524 285 scripsi

195 305 304 343 aliter
324 319 369 343 ac
390 305 421 343 si
441 307 532 355 πρὸς
551 306 634 343 ἴσον
659 305 865 355 &potorque
895 303 1115 342 scriberem.
1177 304 1286 340 Bene
1316 300 1420 338 enim
1451 298 1526 337 exi-

196 369 312 408 stimo
333 371 383 408 de
404 369 477 408 illis
498 370 614 416 libris,
639 378 680 408 ut
711 369 778 408 tibi
797 382 940 407 coram.
1002 370 1141 417 Itaque
1167 366 1302 416 scripsi
1324 373 1361 404 et
1391 368 1526 403 ἀκολα-

196 436 327 475 κεύτως
364 442 402 473 et
449 442 581 474 tamen
621 435 676 473 sic
715 442 757 473 ut
796 433 892 471 nihil
931 447 1022 471 eum
1064 431 1283 470 existimem
1332 432 1524 468 lecturum

196 499 391 539 libentius.

252 567 314 603 De
343 565 475 604 Attica
502 579 607 603 nunc
628 566 790 604 demum
818 564 913 602 mihi
944 571 1001 602 est
1031 564 1300 613 exploratum3
1330 561 1462 610 itaque
1489 559 1523 598 ei
1544 567 1567 594 2

197 630 247 668 de
286 629 436 680 integro
474 632 675 680 gratulare.
734 629 944 679 Tigellium
984 636 1111 667 totum
1152 627 1247 665 mihi
1286 635 1324 665 et
1363 626 1525 676 quidem

198 708 317 744 quam
347 695 544 745 primum;
586 709 676 733 nam
707 696 863 746 pendeo
893 694 1024 732 animi.
1085 695 1211 731 Narro
1240 692 1322 738 tibi,
1353 691 1527 740 Quintus

198 774 308 807 cras;
337 761 406 798 sed
427 762 477 799 ad
499 775 562 799 me
581 774 631 799 an
652 762 702 799 ad
724 768 761 798 te
783 760 926 798 nescio.
988 759 1046 796 Mi
1077 758 1228 808 scripsit
1255 759 1427 795 Romam
1452 767 1526 792 vm

142 837 181 860 10
202 826 290 862 Kal.
349 827 427 863 Sed
465 825 552 863 misi
591 825 658 876 qui
697 825 885 862 invitaret.
946 823 1031 861 Etsi
1070 824 1198 861 hercle
1237 822 1313 860 iam
1355 823 1527 859 Romam

138 1230 176 1263 15

138 1556 178 1578 20

197 890 438 929 veniendum
467 899 525 929 est
556 904 605 929 ne
634 891 697 929 ille
726 898 817 929 ante
845 891 1014 928 advolet.

246 996 332 1031 LII
481 1000 550 1032 Ser.
570 1001 602 1031 in
620 1000 801 1031 Puteolano
817 1001 872 1031 xiv
889 1000 931 1031 K.
951 999 1022 1031 Ian.
1043 1009 1073 1031 a.
1094 1009 1152 1038 709
1173 998 1255 1039 (45).

604 1077 775 1108 CICERO
803 1076 986 1107 ATTICO
1017 1076 1123 1107 SAL.

250 1152 287 1189 O
314 1148 511 1200 hospitem
534 1149 629 1186 mihi
654 1157 732 1187 tam
759 1162 915 1199 gravem
943 1149 1248 1198 ἀμεταμέλητονῐ
1306 1146 1395 1184 Fuit
1421 1145 1526 1184 enim
1548 1155 1563 1181 1

196 1215 450 1266 periucunde.
510 1215 588 1253 Sed
609 1228 699 1252 curn
721 1214 905 1253 secundis
936 1213 1206 1252 Saturnalibus
1227 1214 1277 1251 ad
1301 1212 1527 1262 Philippum

196 1280 347 1331 vesperi
378 1280 559 1326 venisset,
593 1279 682 1317 villa
716 1279 768 1317 ita
798 1281 995 1329 completa
1028 1293 1051 1317 a
1082 1278 1272 1317 militibus
1304 1286 1361 1316 est
1396 1285 1438 1315 ut
1468 1277 1529 1315 vix

196 1346 407 1384 triclinium
439 1344 506 1383 ubi
534 1352 742 1383 cenaturus
770 1344 853 1394 ipse
875 1345 1020 1383 Caesar
1047 1351 1149 1382 esset
1174 1351 1352 1389 vacaret3
1382 1342 1530 1392 quippe

197 1412 404 1450 hominum
425 1423 491 1449 Clo
512 1422 588 1448 Clo.
639 1411 742 1448 Sane
762 1423 849 1447 sum
871 1418 1094 1448 commotus
1115 1409 1211 1459 quid
1233 1410 1406 1447 futurum
1427 1416 1529 1446 esset

197 1477 411 1528 postridie3
439 1490 485 1515 ac
515 1476 610 1514 mihi
637 1477 765 1514 Barba
786 1475 945 1514 Cassius
973 1475 1166 1521 subvenit,
1190 1475 1375 1512 custodes
1405 1473 1526 1512 dedit.

198 1544 335 1582 Castra
364 1542 403 1580 in
434 1555 537 1592 agro,
561 1541 649 1579 villa
683 1542 845 1580 defensa
874 1549 942 1579 est.
1004 1542 1076 1578 Ille
1105 1539 1226 1578 tertiis
1257 1539 1527 1578 Saturnalibus

195 1609 301 1658 apud
324 1607 551 1658 Philippum
567 1608 618 1645 ad
639 1608 674 1645 h.
699 1619 755 1644 V11
778 1620 852 1645 nec
872 1619 1114 1656 quemquam
1130 1605 1314 1651 admisit3
1343 1604 1524 1650 rationes,

195 1673 347 1723 opinor,
383 1686 473 1711 cum
514 1673 650 1710 Balbo.
722 1673 822 1710 Inde
855 1671 1072 1710 ambulavit
1107 1670 1146 1708 in
1179 1671 1300 1708 litore.
1361 1672 1454 1708 Post
1487 1671 1523 1707 h.

196 1750 269 1776 v111
301 1738 341 1776 in
371 1739 568 1776 balneum.
627 1739 732 1775 Tum
761 1737 911 1775 audivit
941 1738 991 1775 de
1024 1738 1234 1782 Mamurra,
1264 1737 1414 1773 vultum
1445 1748 1525 1773 non

196 1803 371 1841 mutavit.
430 1805 583 1841 Vnctus
610 1810 679 1849 est,
702 1802 897 1841 accubuit.
959 1802 1155 1852 Ἐμετικὴν
1173 1801 1325 1851 agebat.
1386 1802 1527 1850 Itaque

197 1876 234 1906 et
264 1869 344 1907 edit
372 1877 409 1906 et
439 1868 538 1906 bibit
568 1869 679 1908 ἀδεῶς
705 1876 743 1907 et
770 1868 952 1914 iucunde⁷
976 1867 1137 1917 opipare
1158 1880 1251 1905 sane
1278 1874 1316 1905 et
1343 1874 1527 1917 apparate

198 1947 270 1972 nec
292 1934 330 1972 id
352 1935 479 1972 solum
501 1935 571 1971 sed

1029 1998 1155 2036 ‘bene
1185 2005 1299 2035 cocto
1328 2005 1366 2036 et

331 2064 493 2103 condito
523 2076 704 2102 sermone
734 2063 841 2101 bono
871 2070 919 2108 et,
953 2062 982 2100 si
1014 2062 1178 2112 quaeriS,
1211 2062 1401 2100 libenter.'

245 2176 257 2197 1
286 2167 436 2204 μικκύλος
451 2167 500 2197 vel
515 2166 649 2197 humilis
667 2166 744 2196 coni.
763 2166 847 2195 Boot
869 2165 947 2195 duce
972 2166 1133 2196 Gronovio
1149 2177 1155 2195 ε
1180 2165 1368 2196 hemicillus
1385 2166 1504 2196 Rosius
1519 2177 1526 2197 :

197 2211 361 2242 amicillus
390 2211 530 2250 Tyrrell:
557 2209 747 2240 inimiculus
776 2209 915 2240 Gurlstt:
951 2209 1112 2239 Μίκυλλος
1137 2208 1289 2239 Schmidt
1304 2210 1370 2240 coll.
1390 2209 1531 2240 Luct'am'

201 2254 284 2285 Gall.
307 2265 332 2293 Ι,
356 2253 501 2294 Tyrann.
531 2264 567 2292 14
585 2265 591 2283 :
606 2254 686 2292 sort.
705 2254 765 2283 sim
783 2252 882 2291 κόλαξ
982 2254 1001 2283 8
1027 2253 1135 2283 Narro
1153 2252 1243 2284 codd.
1258 2257 1387 2292 practer
1402 2259 1440 2286 Δ.
1461 2264 1488 2284 v.
1503 2264 1525 2283 c.

199 2299 226 2328 L
246 2299 385 2338 (marg.)
404 2293 450 2327 Ζὸ
466 2310 473 2328 :
500 2297 652 2327 Narrabo
669 2302 697 2327 Δ
860 2297 897 2326 16
921 2307 939 2326 a
951 2296 1009 2327 del.
1024 2296 1112 2336 vulg.
1287 2307 1326 2336 19
1349 2303 1383 2327 at
1399 2297 1530 2326 Ernesti

198 2352 240 2380 23
264 2343 342 2372 dum
363 2340 551 2381 Wesenbetg
564 2352 602 2371 ex
617 2338 657 2369 Zl
673 2351 700 2371 v.
722 2351 745 2371 c.
764 2339 791 2369 L
811 2340 952 2379 (marg.)
1053 2341 1181 2371 vultum
1200 2339 1231 2368 Z
1245 2351 1275 2370 v.
1293 2351 1315 2370 c.
1334 2340 1362 2369 L
1382 2341 1526 2381 (marg.)

200 2385 287 2416 Crat.
303 2397 309 2416 ;
334 2395 399 2416 om.
418 2389 472 2415 ΣΔ
621 2394 661 2423 24
688 2384 816 2414 mutivit
834 2383 951 2413 Hirsch
969 2383 1021 2413 eld
1170 2393 1210 2422 27
1236 2389 1270 2414 et
1291 2383 1347 2415 del.
1364 2383 1472 2422 Alsum,
1489 2382 1527 2424 cf.

199 2427 336 2468 ‚Madwg
351 2428 396 2459 ad
410 2428 481 2460 Fin.
501 2429 533 2458 ii.
551 2438 592 2465 25
