1742 2651
120 850 155 871 10

111 1500 149 1521 20

582 140 695 176 EPP.
728 141 804 176 AD
836 140 1095 178 ATTICVM
1468 139 1539 175 XI.
1562 147 1593 173 X

178 251 420 290 necessarius
441 264 578 301 operas
606 251 645 288 in
671 258 784 300 portu
815 259 853 289 et
878 251 1067 300 scriptura
1095 250 1212 288 Asiae
1234 263 1304 300 pro
1326 250 1510 299 magistro

177 316 297 354 dedit.
360 318 398 354 Is
430 316 625 364 Quintum
656 315 777 352 filium
806 315 951 365 Ephesi
976 315 1073 353 vidit
1101 327 1140 352 VI
1168 316 1264 353 Idus
1298 316 1506 353 Decembr.

177 395 348 430 eumque
369 381 545 419 studiose
565 388 723 430 propter
742 379 953 417 amicitiam
975 387 1149 417 nostram
1171 379 1346 417 invitavit
1364 395 1375 427 3
1404 394 1509 417 cum-

177 459 254 495 que
271 460 318 484 ex
339 459 386 484 eo
407 447 456 483 de
479 458 541 483 me
558 452 861 494 percontaretur,
882 458 973 482 eum
992 444 1066 482 sibi
1081 444 1134 481 ita
1150 444 1294 482 dixisse
1314 445 1508 492 narrabat,

176 524 218 548 se
239 510 334 548 mihi
356 524 440 548 esse
462 509 790 554 inimicissimum,
808 510 1074 558 volumenque
1096 508 1169 547 sibi
1187 509 1407 547 ostendisse
1428 523 1509 547 ora-

176 575 293 613 tionis
328 588 446 624 quam
486 575 592 624 apud
632 575 841 612 Caesarem
877 581 1013 611 contra
1047 587 1110 611 me
1149 582 1251 612 esset
1291 574 1504 612 habiturus.

177 641 305 677 Multa
342 654 365 677 a
404 653 444 677 se
483 639 585 677 dicta
627 646 762 677 contra
801 638 883 676 eius
922 639 1147 676 amentiam.
1209 641 1337 676 Multa
1371 648 1509 689 postca

176 704 298 742 Patris
320 704 436 741 simili
458 705 602 741 scelere
624 717 757 741 secum
776 703 970 751 Quintum
992 711 1143 752 patrem
1165 706 1365 752 locutumg
1396 705 1506 742 cuius

174 770 343 806 furorem
365 782 411 806 ex
432 768 476 806 iis
498 768 673 818 epistulis
699 781 796 817 quas
821 769 873 806 ad
902 776 939 806 te
966 768 1055 806 misi
1083 769 1303 818 perspicere
1332 769 1503 819 potuisti.

175 835 290 872 Haec
320 833 390 871 tibi
420 833 546 871 dolori
568 847 652 871 esse
673 841 779 871 certo
802 833 910 879 scio;
940 847 1003 871 me
1031 834 1192 883 quidem
1214 835 1437 873 excruciant
1468 844 1505 874 et

174 913 222 937 eo
252 899 374 949 magis
404 899 512 948 quod
543 898 639 936 mihi
669 912 760 937 cum
785 899 858 937 illis
886 912 935 937 ne
960 899 1150 949 querendi
1180 900 1342 950 quidem
1373 903 1503 939 locum

173 965 345 1001 futurum
367 972 474 1014 puto.

228 1030 289 1066 De
310 1029 503 1067 Africanis
531 1030 647 1067 rebus
674 1031 790 1079 longe
814 1029 889 1067 alia
915 1029 1030 1067 nobis
1051 1043 1096 1068 ac
1118 1037 1158 1067 tu
1180 1031 1386 1080 scripseras
1408 1045 1503 1069 nun-
1522 1042 1546 1069 2

172 1093 326 1132 tiantur.
392 1094 501 1132 Nihil
541 1095 646 1132 enim
686 1094 834 1132 firmius
874 1108 959 1132 esse
998 1095 1149 1143 dicunt,
1184 1095 1279 1133 nihil
1320 1096 1500 1146 paratius.

171 1159 338 1198 Accedit
361 1160 556 1210 Hispania
576 1168 613 1198 et
633 1160 802 1198 alienata
824 1160 946 1207 Italia,
970 1160 1169 1210 legionum
1191 1175 1264 1198 nec
1285 1161 1342 1199 vis
1362 1163 1502 1200 eadem

170 1239 244 1263 nec
273 1227 464 1273 voluntas,
489 1226 661 1263 urbanae
691 1239 750 1264 res
782 1226 967 1275 perditae.
1028 1226 1136 1275 Quid
1165 1234 1223 1264 est
1252 1226 1319 1265 ubi
1349 1227 1502 1277 acquie-

170 1305 288 1338 scam,
311 1291 385 1329 nisi
411 1305 529 1341 quam
558 1292 625 1330 diu
651 1299 736 1329 tuas
768 1291 913 1329 litteras
941 1293 1057 1341 lego?
1114 1293 1228 1340 Quae
1258 1300 1388 1330 essent
1418 1307 1501 1343 pro-

170 1357 273 1394 fecto
289 1356 513 1403 crebriores,
531 1357 561 1395 si
579 1357 674 1407 quid
688 1358 853 1395 haberes
870 1371 950 1406 quo
964 1364 1119 1406 putares
1136 1371 1265 1395 meam
1279 1358 1500 1396 molestiam

171 1421 294 1459 minui
324 1436 451 1472 posse.
526 1424 603 1460 Sed
633 1430 766 1461 tamen
800 1431 836 1460 te
869 1436 962 1471 rogo
997 1430 1039 1460 ut
1071 1436 1121 1460 ne
1150 1422 1383 1461 intermittas
1412 1424 1500 1462 scri-

171 1486 262 1524 bere
296 1488 346 1524 ad
378 1501 441 1524 me
465 1488 656 1537 quicquid
687 1488 757 1526 erit
787 1501 934 1537 eosque
964 1488 1030 1537 qui
1062 1487 1157 1525 mihi
1183 1496 1262 1525 tam
1292 1489 1500 1527 crudeliter

168 1552 318 1590 inimici
339 1560 440 1598 sunt,
465 1551 495 1589 si
518 1553 649 1591 odisse
670 1567 750 1590 non
773 1561 895 1602 potes,
918 1566 1079 1591 accuses
1101 1560 1244 1599 tamen,
1267 1567 1348 1591 non
1374 1562 1414 1592 ut
1435 1555 1499 1592 ali—

167 1616 265 1666 quid
286 1616 468 1666 proficias
489 1619 559 1655 sed
580 1626 622 1655 ut
643 1618 713 1655 tibi
736 1631 798 1655 me
819 1631 952 1655 carum
975 1631 1059 1655 esse
1080 1617 1260 1655 sentiant.
1312 1620 1427 1656 Plura
1446 1620 1497 1657 ad

168 1689 205 1720 te
236 1682 415 1728 scribam,
439 1682 471 1720 si
493 1682 587 1719 mihi
612 1684 662 1720 ad
690 1696 754 1720 eas
783 1683 926 1720 litteras
957 1696 1053 1732 quas
1079 1683 1254 1732 proxime
1274 1685 1324 1722 ad
1346 1691 1383 1722 te
1405 1684 1496 1723 dedi

167 1746 417 1797 rescripseris.
477 1748 585 1785 Vale.
646 1758 706 1784 xii
731 1749 780 1785 K.
806 1748 916 1785 Febr.

208 1918 275 1953 XI
460 1922 528 1953 διν.
548 1921 710 1953 Bmtndisz
726 1923 783 1952 viii
796 1922 844 1953 Id.
867 1922 966 1953 Mart.
986 1933 1015 1954 a.
1038 1933 1097 1963 707
1115 1924 1199 1963 (47).

585 2027 760 2059 CICERO
786 2028 957 2059 Arrico
969 2004 971 2007 ’
984 2028 1081 2060 SAL.

217 2118 433 2156 Confectus
468 2117 545 2155 iam
581 2117 753 2155 cruciatu
790 2117 1048 2155 maximorum
1081 2119 1262 2156 dolorum
1299 2133 1346 2157 ne
1382 2120 1411 2157 si
1445 2120 1529 2158 sitI

162 2181 324 2231 quidem
345 2184 453 2232 quod
474 2184 525 2220 ad
547 2190 584 2220 te
605 2183 771 2220 debeam
790 2183 957 2221 scribere
974 2182 1086 2221 facile
1102 2183 1142 2221 id
1156 2184 1315 2234 exsequi
1330 2185 1488 2233 possim,

205 2297 224 2324 4
248 2291 509 2324 percontaretur
526 2285 640 2316 CWL
661 2287 826 2326 (111an.'):
862 2291 1059 2317 contaretur
1083 2287 1181 2317 AOR
1325 2298 1340 2326 7
1367 2298 1384 2317 a
1413 2288 1488 2318 M2:

161 2326 225 2359 ὸιιι.
247 2327 352 2358 M¹W
480 2331 500 2359 8
526 2330 635 2360 Patris
652 2330 749 2360 simili
770 2330 893 2360 Orelli:
919 2331 1025 2370 patris
1042 2332 1113 2361 eius
1130 2331 1230 2361 simili
1249 2329 1355 2361 MW:
1383 2332 1489 2361 Patris

160 2372 325 2402 consimili
347 2373 420 2403 Vz'cl.
571 2382 607 2411 15
634 2373 729 2404 Italia
747 2372 881 2404 CWZI:
905 2374 970 2404 alia
988 2378 1042 2404 ΣΔ
1186 2386 1224 2414 19
1250 2380 1283 2405 ut
1301 2386 1344 2406 ne
1367 2374 1428 2404 W:
1454 2380 1489 2406 ut

161 2413 332 2445 M¹EOR2
359 2427 401 2446 ne
420 2416 491 2446 M'Js
624 2418 665 2446 28
691 2417 813 2456 possim
831 2417 953 2448 Rosius
969 2429 975 2448 z
1000 2428 1134 2457 possem
1152 2417 1238 2447 MW
