1742 2651
82 1039 116 1077 (v
132 1038 169 1079 3)

64 134 159 171 XII.
183 144 249 171 va
553 135 607 171 M.
640 135 808 171 TVLLI
842 133 1148 172 CICERONIS

188 245 322 294 scripsi
344 253 385 283 ut
406 259 451 283 ea
472 259 572 295 quae
594 246 695 283 bene
717 252 849 283 nosset
871 246 921 283 de
941 258 1036 282 auro
1058 244 1191 282 Pisoni
1219 245 1515 282 demonstraret.

187 310 278 347 Tibi
300 310 404 348 enim
426 324 519 348 sane
540 310 740 348 adsentior
761 318 798 347 et
819 309 923 347 istud
946 309 1110 346 nimium
1128 309 1195 347 diu
1212 308 1303 346 duci
1326 316 1363 346 et
1384 307 1519 346 omnia

188 388 292 412 nunc
322 375 499 424 undique
528 376 809 413 contrahenda.
869 377 928 412 Te
956 374 1116 424 quidem
1145 373 1241 411 nihil
1268 387 1391 423 agere,
1421 372 1518 410 nihil

187 440 356 489 cogitare
390 439 496 477 aliud
532 439 605 477 nisi
641 440 750 489 quod
783 441 834 478 ad
869 453 932 477 me
961 438 1153 488 pertineat
1183 438 1295 476 facile
1324 436 1519 487 perspicio

188 504 364 554 meisque
403 504 568 553 negotiis
608 504 788 553 impediri
827 504 1083 553 cupiditatem
1123 511 1230 541 tuam
1268 504 1319 541 ad
1358 516 1422 540 me
1459 515 1519 539 ve-

188 569 332 607 niendi.
393 570 470 607 Sed
501 583 657 607 mecum
686 583 770 607 esse
798 576 835 607 te
862 577 969 618 puto,
993 582 1073 605 non
1102 569 1229 606 solum
1257 568 1365 617 quod
1390 580 1518 604 meam

188 647 269 671 rem
289 633 370 683 agis
395 648 528 671 verum
557 633 673 671 etiam
702 635 811 683 quod
838 633 969 671 videre
996 633 1131 671 videor
1158 646 1238 682 quo
1264 633 1386 670 modo
1415 646 1516 682 agas.

189 700 330 748 Neque
351 699 455 737 enim
478 700 556 736 ulla
576 700 671 737 hora
692 699 747 737 tui
770 698 865 736 mihi
886 706 943 737 est
965 698 1092 749 operis
1114 697 1256 747 ignota.

231 850 271 885 V
285 853 311 885 b
410 853 479 885 Ser.
497 854 530 884 1'11
553 853 740 884 Tusculano
756 854 792 883 1'1'1'
805 858 864 884 aut
879 853 904 883 ii
916 853 965 884 Id.
983 853 1057 884 Iun.
1076 863 1107 885 a.
1129 863 1187 893 709
1206 853 1289 893 (45).

598 942 771 972 CICERO
793 941 974 972 ATTICO
998 939 1105 972 SAL.

242 1032 445 1071 Tubulum
476 1039 694 1081 praetorem
725 1031 840 1069 video
872 1032 914 1068 L.
944 1031 1107 1067 Metello
1140 1030 1187 1077 Q.
1214 1028 1391 1067 Maximo
1429 1041 1520 1067 6011-

189 1097 349 1135 sulibus.
393 1099 510 1134 Nunc
531 1096 647 1134 velim
672 1098 711 1133 P.
736 1097 933 1141 Scaevola,
952 1095 1127 1145 pontifex
1149 1093 1352 1140 maximus,
1375 1093 1519 1143 quibus

188 1162 417 1200 consulibus
439 1161 618 1199 tribunus
640 1162 689 1211 pl.
750 1160 947 1210 Equidem
974 1168 1070 1209 puto
1095 1158 1291 1208 proximis,
1316 1157 1519 1208 Caepione

188 1236 225 1266 et
257 1227 473 1276 Pompeio;
513 1234 667 1276 praetor
705 1226 810 1263 enim
842 1227 888 1263 L.
924 1224 1041 1262 Furio
1080 1225 1164 1262 Sex.
1200 1223 1331 1262 Atilio.
1394 1223 1518 1261 Dabis

187 1293 301 1343 igitur
328 1292 569 1330 tribunatum
598 1299 645 1337 et,
676 1291 706 1328 si
734 1290 889 1340 poteris,
919 1290 1099 1328 Tubulus
1127 1302 1207 1338 quo
1234 1289 1405 1327 6111111116.
1468 1290 1518 1326 Ε1

187 1358 287 1403 vide,
317 1371 476 1407 quaeso,
507 1359 550 1394 L.
580 1356 692 1402 Libo,
716 1356 779 1394 ille
807 1356 873 1405 qui
901 1357 951 1393 de
979 1356 1056 1393 Ser.
1083 1355 1220 1400 Galba,
1246 1354 1518 1393 Censorinone

187 1431 224 1461 et
253 1423 419 1461 Manilio
446 1437 495 1461 an
523 1424 568 1460 T.
600 1422 790 1471 Quinctio
821 1423 887 1459 Μ’.
916 1421 1045 1459 Acilio
1076 1419 1304 1458 consulibus
1339 1419 1518 1457 tribunus

186 1491 236 1538 pl.
260 1489 382 1527 fuerit.
445 1488 719 1527 Conturbabat
740 1487 844 1525 enim
868 1500 929 1524 me
952 1485 1141 1538 [epitome
1159 1485 1267 1523 Bruti
1286 1483 1516 1536 Fanniana]‚

186 1555 225 1592 in
245 1554 352 1592 Bruti
370 1554 543 1604 epitoma
558 1552 848 1591 Fannianorum
869 1549 1036 1603 [scripsi]
1055 1552 1163 1600 quod
1177 1558 1258 1588 erat
1274 1551 1313 1588 in
1330 1558 1515 1595 extremo,

186 1620 306 1669 idque
346 1633 418 1669 ego
453 1627 609 1657 secutus
645 1620 750 1656 hunc
786 1617 981 1655 Fannium
1017 1617 1083 1666 qui
1123 1615 1274 1666 scripsit
1315 1615 1516 1653 historiam

185 1699 372 1734 generum
408 1698 492 1723 esse
524 1684 753 1733 scripseram
790 1682 907 1720 Laeli.
982 1683 1059 1720 Sed
1094 1690 1134 1719 tu
1171 1695 1233 1719 me
1272 1684 1519 1733 γεωμετρικῶς

186 1753 390 1798 1616116105,
420 1759 457 1788 16
486 1758 618 1788 autern
646 1763 752 1787 nunc
781 1751 924 1787 Brutus
955 1756 992 1786 et
1024 1747 1208 1785 Fannius.
1271 1748 1355 1796 Ego
1385 1754 1516 1784 tamen

187 1819 237 1855 de
258 1818 365 1855 bono
385 1824 544 1854 auctore
571 1815 788 1854 Hortensio
816 1814 870 1853 sic
896 1826 1126 1862 acceperam
1153 1820 1193 1850 ut
1217 1813 1323 1861 apud
1352 1813 1516 1850 Brutum

187 1891 255 1921 est.
318 1885 439 1920 Hunc
461 1881 575 1932 igitur
595 1883 726 1919 locum
749 1880 943 1930 expedies.

236 1999 248 2018 1
276 1993 389 2018 nosset
406 1987 542 2018 Lama:
578 1997 715 2017 noseem
733 1986 774 2016 M
881 1986 1128 2015 demonstraret
1150 1983 1317 2014 Fam-nus:
1356 1993 1461 2012 -arem
1480 1981 1521 2011 M

191 2042 229 2071 13
253 2032 416 2071 proximis
434 2030 523 2061 220:
549 2041 612 2062 0171.
634 2037 661 2061 Δ
799 2039 833 2067 14
862 2030 886 2058 L
903 2029 978 2059 add.
992 2029 1086 2058 Beier
1219 2029 1257 2057 16
1281 2027 1516 2056 Censorinone

189 2080 212 2107 Σ
229 2076 310 2106 Ant.
328 2074 392 2105 sz
419 2076 608 2105 Censorino
625 2079 652 2104 Δ
746 2074 783 2103 18
805 2073 1033 2103 Conturbabat
1049 2071 1253 2111 [Vesc'nbcrgt
1279 2070 1445 2100 conturbo
1460 2069 1516 2100 M:

189 2120 367 2150 conturbat
387 2119 414 2149 C
499 2118 605 2157 enirn]
621 2119 723 2148 etiam
742 2117 843 2147 Orelli
933 2118 980 2149 18.
999 2126 1037 2154 19
1061 2116 1208 2154 epitome
1227 2114 1322 2144 Bruti
1343 2113 1518 2143 Fanniana

188 2167 218 2193 et
243 2164 362 2202 scripsi
391 2163 588 2192 secluserunt
612 2161 681 2192 edd.
709 2161 868 2199 plerique:
909 2161 942 2189 in
970 2160 1064 2189 Bruti
1091 2159 1239 2198 epitoma
1265 2157 1516 2187 Fannianorum

189 2207 309 2246 scripsi
323 2206 381 2237 del.
395 2206 526 2236 Schiche
538 2210 566 2234 et
577 2204 728 2235 Schmidt
741 2204 789 2244 (cf
807 2202 1114 2243 ‘Deer'efiveclzsel
1124 2201 1130 2213 ’
1143 2202 1307 2241 314—316)
1379 2199 1516 2240 scripsi]

189 2251 350 2290 scriptum
371 2249 555 2279 Gronovius

1542 944 1580 967 10

1539 1627 1578 1648 20
