1742 2651
600 139 711 176 EPP.
745 139 822 175 AD
853 138 1110 177 ATTICVM
1492 139 1538 175 X.
1559 137 1603 173 xi

179 247 282 285 enim
314 256 461 287 aestate
488 262 578 287 cum
606 249 670 288 illo
701 250 947 289 Rhodiorum
976 252 1151 302 ἀφράκτῳ
1179 250 1363 299 navigans
1391 264 1509 300 quam

179 312 315 349 fuerim
351 313 564 359 sollicitus;
606 315 701 365 quid
732 317 831 354 duro
862 323 1037 365 tempore
1066 315 1157 353 anni
1188 315 1400 353 actuariola
1429 317 1510 353 fore

177 379 344 414 censes?
403 380 438 417 O
461 393 540 417 rem
563 380 738 430 undiquc
761 380 940 418 miseram
959 384 965 418 ἶ

232 443 440 480 Trebatius
472 452 552 482 erat
583 459 751 492 mecum,
775 446 830 483 vir
860 447 974 495 plane
1005 454 1042 484 ct
1072 445 1165 484 civis
1197 446 1334 484 bonus.
1395 447 1509 493 Quae

139 516 154 546 5
177 505 240 544 ille
274 517 459 555 monstra,
492 509 532 547 di
563 509 825 548 immortales!
869 510 1052 548 Etiamne
1083 511 1230 548 Balbus
1260 510 1299 547 in
1329 516 1508 547 senatum

177 571 307 610 venire
330 573 504 623 cogitet?
560 576 638 613 Sed
659 575 694 613 ei
722 574 792 625 ipsi
821 589 904 613 cras
930 577 980 614 ad
1009 583 1045 614 te
1072 575 1216 613 litteras
1243 575 1359 613 dabo.
1420 576 1509 612 Vet-
1527 581 1552 619 5

176 636 326 674 tienum
360 638 455 676 mihi
485 640 668 687 amicum,
702 648 742 678 ut
773 640 920 686 scribis,
954 641 1005 678 ita
1035 647 1130 690 puto
1160 653 1254 678 esse.
1315 640 1417 678 Cum
1448 652 1507 686 eo,

176 704 285 751 quod
309 706 502 754 ἀποτόμως
521 707 572 744 ad
598 719 661 744 me
688 705 893 755 scripserat
917 706 967 743 de
994 704 1166 742 nummis
1193 704 1386 750 curandiS,
1411 705 1511 753 Θυμι-

178 769 334 818 κώτερον
368 784 472 808 eram
509 770 669 808 iocatus.
743 771 790 808 Id
825 777 876 816 tu,
914 769 944 807 si
985 770 1048 808 ille
1086 769 1195 808 aliter
1233 768 1426 819 acceperit
1464 782 1510 807 ac

119 844 157 866 10
176 834 326 881 debuit,
350 835 482 874 lenies.
548 838 797 873 ίΜΟΝΕΤΑΜ
814 837 822 852 '
842 842 972 873 autem
1001 834 1200 884 adscripsi,
1230 835 1338 884 quod
1366 834 1429 872 ille
1458 836 1509 872 ad

177 913 240 938 me
268 902 370 938 ‘PRO
397 902 494 939 cos.’
553 902 631 939 Sed
657 901 845 951 quoniam
873 908 931 939 est
958 901 1079 939 homo
1104 907 1141 939 et
1169 912 1240 938 nos
1267 899 1402 949 diligit,
1426 899 1509 950 ipse

174 978 335 1015 quoque
355 979 378 1004 a
399 965 514 1005 nobis
535 966 725 1017 diligatur.
785 968 893 1004 Vale.

219 1123 311 1158 XII
450 1127 520 1157 Scr.
542 1128 574 1157 sn
594 1126 748 1157 Cumano
765 1125 899 1156 z'iiNon.
921 1125 1002 1156 Mai.
1022 1135 1051 1157 a.
1073 1135 1127 1164 705
1142 1124 1225 1165 (49).

569 1214 741 1246 CICERO
770 1213 952 1244 ATTICO
983 1211 1088 1244 SAL.

117 1305 154 1337 15
231 1293 433 1341 Quidnam
467 1294 561 1332 mihi
592 1295 764 1331 futurum
795 1300 852 1331 est
879 1299 945 1330 aut
973 1291 1059 1340 quis
1091 1305 1152 1329 me
1183 1304 1263 1329 non
1294 1293 1420 1330 solum
1451 1291 1540 1329 in-1

175 1357 324 1396 felicior
363 1360 432 1397 sed
468 1359 545 1396 iarn
579 1358 696 1397 etiam
733 1357 910 1406 turpior?
968 1355 1214 1394 Nominatim
1249 1357 1299 1394 de
1334 1370 1396 1394 me
1431 1357 1504 1396 sibi

175 1421 409 1472 imperatum
431 1423 526 1462 dicit
548 1422 745 1461 Antonius
766 1435 840 1460 nec
861 1435 924 1459 me
945 1428 1077 1458 tamen
1098 1420 1181 1470 ipse
1201 1422 1332 1459 adhuc
1357 1421 1505 1460 viderat

175 1488 244 1524 sed
282 1489 358 1525 hoc
392 1487 580 1526 Trebatio
620 1486 796 1524 narravit.
857 1485 965 1534 Quid
1000 1498 1112 1534 agam
1147 1498 1254 1522 nunc
1284 1486 1377 1535 quoi
1408 1486 1504 1524 nihil

175 1553 353 1600 procedit
387 1554 614 1602 caduntque
648 1566 693 1590 ea
731 1564 833 1601 quae
872 1549 1169 1600 diligentissime
1208 1558 1298 1588 sunt
1337 1551 1506 1600 cogitata

115 1630 156 1652 20
175 1618 424 1655 taeterrime?
494 1620 578 1667 Ego
610 1617 715 1655 enirn
747 1616 962 1655 Curionem
993 1622 1131 1652 nactus
1160 1615 1294 1652 omnia
1324 1629 1386 1654 me
1415 1630 1506 1654 con-

175 1691 354 1720 secutum
393 1683 536 1732 putavi.
616 1684 655 1720 Is
700 1683 750 1720 de
789 1695 851 1718 me
893 1681 943 1718 ad
985 1679 1245 1717 Hortensium
1288 1680 1502 1730 scripserat.

176 1746 351 1796 Reginus
379 1755 459 1785 erat
486 1754 590 1784 totus
621 1754 762 1784 noster.
824 1744 931 1783 Huic
962 1744 1058 1781 nihil
1088 1743 1384 1793 suspicabamur
1413 1759 1503 1784 cum

174 1811 250 1848 hoc
285 1811 381 1849 mari
415 1811 546 1861 negoti
579 1813 670 1849 fore.
731 1812 824 1859 Quo
855 1824 917 1848 me
948 1822 1054 1847 nunc
1083 1811 1261 1847 vertam?
1316 1810 1504 1860 Vndique

175 1877 385 1915 custodior.
464 1878 541 1915 Sed
584 1877 675 1914 satis
719 1876 898 1914 lacrimis.
976 1876 1266 1925 Παρακλεπτέον
1310 1875 1424 1925 igitur
1466 1885 1545 1915 et2

115 1956 153 1986 25
176 1944 329 1980 occulte
363 1942 402 1980 in
434 1942 605 1992 aliquam
638 1941 854 1980 onerariam
885 1942 1183 1990 corrependum,
1216 1954 1296 1979 non
1326 1942 1503 1980 commit-

222 2056 234 2076 1
262 2057 336 2076 cum
356 2047 412 2076 illo
430 2045 486 2075 M:
513 2056 586 2076 cum
606 2046 669 2076 illis
686 2045 791 2075 Boot:
817 2055 892 2075 cum
912 2045 977 2075 illis
996 2045 1051 2075 illo
1070 2045 1243 2074 Lehmann
1263 2044 1403 2076 Mtiller:
1417 2046 1500 2087 sort.

174 2089 352 2128 imbecillo,
371 2090 406 2127 cfi
423 2101 451 2120 v.
472 2099 518 2119 12.
539 2100 565 2121 1.
588 2100 635 2127 13.
653 2099 665 2118 1
801 2090 822 2119 6
846 2089 973 2127 cogitat
992 2089 1071 2118 coni.
1086 2087 1172 2117 Boot
1301 2099 1322 2127 9
1347 2099 1441 2118 eram
1463 2088 1506 2118 W

175 2132 363 2163 Corradus:
390 2137 462 2162 erat
481 2133 520 2162 M
537 2132 622 2163 Crat.
638 2133 755 2163 Lamb.
871 2132 999 2162 iocatus
1019 2131 1133 2161 codztes
1155 2131 1234 2161 Bosz
1253 2131 1341 2162 Crat.
1358 2132 1477 2164 Lamb.
1495 2144 1503 2163 z

174 2176 302 2206 locatus
324 2175 382 2207 W:
407 2187 471 2206 om.
490 2179 544 2207 ΣΔ
633 2176 763 2214 accepit
785 2174 974 2215 PVesenberg
1105 2185 1142 2205 21
1171 2176 1295 2214 putavi.
1344 2175 1376 2205 Is
1392 2176 1502 2215 vulg:

174 2220 311 2257 putabis
327 2219 369 2249 M
519 2230 560 2249 22
587 2219 753 2257 Reginus,
772 2219 807 2258 ‘f
826 2219 915 2249 Caes.
930 2218 969 2249 Β.
987 2217 1024 2248 G.
1041 2219 1084 2249 vi.
1100 2229 1113 2248 1
1130 2229 1138 2256 3
1164 2229 1283 2248 nomen
1300 2218 1386 2249 idem
1403 2219 1505 2249 valere

173 2273 212 2292 ac
233 2265 241 2279 ‘
253 2263 379 2303 regium
399 2263 567 2293 satellitem
579 2261 586 2273 ’
604 2262 879 2301 (Ko'm'gsknecht)
900 2265 930 2291 et
949 2261 1089 2291 indicare
1112 2273 1221 2292 unum
1244 2272 1259 2291 e
1277 2261 1390 2292 Balln’s
1406 2266 1504 2302 putat

171 2304 323 2336 Schmidt
338 2308 365 2345 (‘
378 2307 448 2336 Der
470 2304 703 2344 Britfivechsel’
714 2311 748 2345 p.
767 2306 840 2343 178)
859 2317 865 2335 :
890 2305 1032 2335 Rebilus
1050 2306 1129 2336 coni.
1149 2305 1252 2336 Orelli
1362 2316 1403 2344 24
1429 2309 1504 2335 aute

173 2349 316 2379 lacrimis
334 2350 408 2380 add.
427 2351 468 2380 de
490 2349 678 2388 PVesenberg
774 2346 1025 2387 Παρακλεπτέον
1048 2348 1213 2387 ch'ilfflin:
1239 2351 1500 2379 ΠΑΡΛΟΤΛΕΤ-

171 2396 281 2423 TEON
298 2393 346 2430 M,
365 2394 401 2431 cf.
418 2393 593 2423 Lehmann
614 2393 622 2409 ⁶
634 2392 719 2423 Ait!
738 2402 778 2431 73
793 2404 799 2421 ;
825 2392 920 2431 πόρον
935 2391 1091 2422 κλεπτέυν
1115 2392 1235 2431 Tyrrell
