1742 2651
585 109 696 146 EPP.
727 109 805 145 AD
835 108 1096 146 ATTICVM
1407 107 1518 144 XIV.
1539 116 1603 143 xx

177 219 367 269 quidnam
406 220 488 258 istis
525 221 722 270 agendum
769 228 918 269 putem,
952 219 1116 257 consilia
1154 226 1375 268 temporum
1415 225 1504 255 sunt

176 297 277 333 quae
308 284 347 322 in
378 286 491 322 horas
521 284 753 322 commutari
783 284 902 322 vides.
964 284 1194 321 Dolabellae
1224 291 1261 320 et
1291 283 1415 332 prima
1444 282 1506 319 illa

175 348 278 385 actio
307 357 345 386 et
375 351 471 386 haec
501 357 637 387 contra
658 349 876 386 Antonium
906 348 1040 386 contio
1068 348 1162 385 mibi
1190 347 1399 397 profecisse
1427 361 1507 397 per-

177 414 343 450 multum
376 413 537 451 videtur.
599 415 759 451 Prorsus
790 413 870 450 ibat
902 427 984 457 res;
1028 426 1134 450 nunc
1168 420 1300 449 autem
1330 412 1508 449 videmur

139 494 156 524 5
176 478 346 515 habituri
366 480 508 516 ducem
527 494 537 526 3
566 480 673 528 quod
695 492 818 516 unum
840 479 1054 527 municipia
1076 478 1250 527 bonique
1270 476 1504 515 desiderant.

178 542 336 592 Epicuri
372 544 611 581 mentionem
643 543 736 581 facis
766 552 803 581 et
837 545 959 581 audes
993 543 1123 581 dicere
1152 544 1204 593 μὴ
1233 544 1505 580 πολιτεύεσθαι.

176 609 268 645 Non
301 617 339 646 te
371 609 478 646 Bruti
512 610 631 646 nostri
664 609 872 646 vulticulus
906 609 956 646 ab
991 608 1063 646 ista
1102 608 1278 646 oratione
1310 608 1509 645 deterret?

176 673 348 720 Quintus
381 673 491 719 filius,
530 682 571 711 ut
603 673 749 720 scribis,
787 673 935 711 Antoni
971 682 1028 711 est
1063 674 1241 711 dextella.
1311 674 1383 710 Per
1418 686 1507 710 eum

175 737 289 786 igitur
327 739 435 787 quod
470 740 646 776 volemus
685 739 798 777 facile
835 739 1066 776 auferemus.
1140 740 1350 787 Exspecto,
1383 737 1424 783 si,
1467 745 1507 774 ut

118 820 157 841 10
176 811 300 852 putas,
326 805 366 840 L.
391 804 587 841 Antonius
608 804 790 853 produxit
811 803 1032 850 Octavium,
1056 803 1181 853 qualis
1202 803 1336 841 contio
1363 802 1487 840 fuerit.

232 870 346 906 Haec
376 869 536 918 scripsi3
565 869 694 907 statim
715 869 820 907 enim
843 869 955 907 Cassi
976 868 1210 906 tabellarius.
1268 870 1386 906 Eram
1417 881 1507 905 con-

174 933 285 971 tinuo
308 933 444 970 Piliam
467 936 711 980 salutaturus,
733 934 879 972 deinde
904 935 955 972 ad
983 935 1117 983 epulas
1138 932 1294 971 Vestori
1315 932 1503 971 navicula.

174 998 328 1036 Atticae
348 998 554 1048 plurimam
576 1001 751 1037 salutern.

1527 552 1552 590 Ul

217 1105 327 1139 XXI
453 1108 521 1139 Ser.
544 1110 576 1139 ιἰι
595 1109 774 1140 Puteolano
795 1120 814 1139 v
831 1109 880 1141 Id.
901 1109 983 1141 Mai.
1001 1120 1030 1141 a.
1054 1119 1112 1149 710
1130 1109 1216 1150 (44).

578 1186 749 1217 sICERO
779 1185 960 1217 ATTICO
991 1186 1097 1218 SAL.

228 1259 330 1295 Cum
361 1260 479 1307 paulo
508 1267 598 1296 ante
625 1258 822 1296 dedissem
850 1260 900 1296 ad
928 1266 965 1296 te
987 1258 1098 1297 Cassi
1124 1258 1325 1296 tabellario
1346 1258 1501 1305 litteraS,
1524 1272 1540 1298 1

174 1334 197 1359 v
227 1324 322 1360 Idus
346 1323 451 1360 venit
482 1332 613 1360 noster
642 1323 863 1361 tabellarius
893 1331 930 1361 et
960 1323 1132 1372 quidem,
1165 1323 1334 1373 portenti
1364 1323 1501 1370 simile,

173 1388 256 1425 sine
286 1388 361 1425 tuis
386 1388 530 1425 litteris.
590 1389 667 1426 Sed
693 1388 771 1426 cito
800 1388 951 1426 conieci
974 1388 1124 1426 Lanuvi
1152 1396 1188 1426 te
1215 1388 1343 1426 fuisse.
1405 1390 1502 1426 Eros

172 1461 303 1490 autem
335 1453 540 1500 festinavit,
563 1461 605 1490 ut
634 1454 684 1491 ad
716 1467 777 1491 me
807 1453 955 1492 litterae
984 1453 1216 1491 Dolabellae
1246 1454 1504 1503 perferrentur

114 1532 154 1554 20
174 1531 253 1555 non
281 1519 331 1556 de
356 1532 395 1556 re
421 1532 507 1556 mea
531 1517 728 1568 (nondum
754 1518 858 1556 enim
887 1532 993 1556 meas
1022 1518 1244 1568 acceperat)
1274 1519 1343 1556 sed
1373 1517 1502 1555 rescri-

173 1582 248 1631 psit
274 1584 324 1620 ad
352 1596 416 1620 eas
437 1596 601 1632 quarum
623 1584 845 1632 exemplum
870 1583 941 1621 tibi
965 1582 1146 1621 miseram
1168 1596 1261 1620 sane
1290 1584 1498 1621 luculente.

172 1648 236 1684 Ad
269 1661 331 1685 me
361 1655 504 1693 autem,
538 1661 628 1685 curn
664 1647 775 1686 Cassi
813 1647 1057 1686 tabellarium
1089 1647 1336 1693 dimisissem,
1371 1647 1499 1685 statim
1519 1655 1543 1682 2

173 1712 330 1750 Balbus.
391 1713 426 1751 O
448 1712 511 1750 dei
533 1713 638 1759 boni,
662 1726 781 1762 quarn
802 1713 914 1752 facile
936 1713 1173 1763 perspiceres
1196 1713 1331 1751 timere
1353 1712 1476 1751 otium
1495 1715 1500 1750 l

173 1779 222 1815 Et
254 1777 357 1816 nosti
386 1777 510 1815 virum
542 1791 660 1827 quam
691 1786 826 1817 tectus.
886 1781 963 1818 Sed
994 1787 1125 1817 tamen
1156 1779 1305 1817 Antoni
1339 1778 1501 1816 consilia

113 1857 151 1889 25
171 1843 350 1880 narrabat
366 1857 375 1889 3
418 1842 526 1880 illum
557 1842 759 1881 circumire
789 1852 992 1882 veteranos
1022 1852 1064 1882 ut
1095 1852 1182 1882 acta
1211 1843 1388 1882 Caesaris
1418 1857 1501 1881 san-

170 1907 292 1945 cirent
331 1907 450 1957 idque
490 1921 530 1945 se
569 1896 738 1946 facturos
777 1922 861 1947 esse
900 1909 1079 1955 iurarent,
1122 1917 1162 1946 ut
1201 1917 1325 1946 castra
1363 1922 1501 1946 omnes

171 1973 360 2010 haberent
408 1985 532 2021 eaque
581 1972 732 2010 duoviri
780 1973 965 2011 omnibus
1012 1973 1213 2012 mensibus
1253 1973 1499 2023 inspicerent.

171 2037 344 2085 Questus
372 2044 429 2075 est
459 2036 576 2074 etiam
604 2037 653 2074 de
684 2050 753 2075 sua
782 2037 929 2076 invidia
952 2051 1077 2088 eaque
1107 2039 1235 2077 omnis
1266 2038 1348 2076 eius
1378 2038 1502 2076 oratio

170 2101 241 2139 fuit
274 2109 317 2140 ut
348 2114 478 2139 amare
513 2101 708 2139 videretur
737 2102 967 2140 Antonium.
1038 2103 1145 2151 Quid
1180 2102 1366 2153 quaeris?
1404 2102 1501 2140 nihil

214 2217 233 2244 4
257 2205 435 2236 videbatur
452 2205 531 2235 coni.
552 2205 653 2235 Orelli
803 2208 823 2236 6
843 2210 918 2247 post
936 2207 1046 2237 dicere
1071 2206 1147 2239 add.
1169 2208 1291 2238 decere
1309 2207 1358 2237 vel
1373 2207 1496 2237 debere

170 2248 256 2279 Reid
405 2250 426 2278 8
451 2248 537 2279 filius
566 2248 655 2278 illius
683 2249 765 2288 (om.
792 2250 936 2283 Antonii
966 2250 1067 2280 Orelli
1217 2252 1347 2281 Antoni
1375 2262 1402 2281 v.
1423 2262 1445 2280 c.
1470 2250 1496 2279 L

172 2293 308 2332 (marg.)
328 2287 371 2321 Zb
390 2292 476 2323 Crat.
496 2304 502 2322 ς
527 2303 592 2322 om.
614 2295 668 2322 ΣΔ
842 2304 876 2323 11
898 2298 975 2333 post
993 2294 1113 2333 scripsi
1133 2294 1209 2326 add.
1233 2295 1349 2334 raptim
1368 2294 1496 2333 Haupt„

169 2336 359 2366 summatim
384 2335 493 2374 Orelli,
522 2335 645 2365 similia
668 2336 727 2365 alii
855 2339 897 2367 26
921 2343 955 2368 ut
973 2343 1083 2369 castra
1107 2337 1203 2368 Otto:
1228 2344 1335 2368 utram
1358 2338 1396 2367 M
1404 2338 1410 2353 ¹
1431 2350 1438 2368 ;
1464 2343 1499 2367 ut

171 2385 241 2410 rata
258 2379 331 2410 Vict.
352 2391 358 2410 :
382 2385 417 2410 ut
430 2390 522 2410 arma
535 2379 594 2408 alii
679 2380 791 2410 omnia
805 2380 956 2411 Sclzmislt
1044 2391 1083 2420 27
1109 2381 1258 2422 duoviri]
1276 2382 1353 2412 dum
1369 2381 1428 2411 viri
1444 2379 1496 2409 M¹
