1742 2651
632 112 744 149 EPP.
776 113 854 148 AD
884 112 1145 150 ATTICVM
1464 112 1583 149 XIII.
1606 111 1700 148 xlix

264 242 412 277 XLIX
468 244 538 276 Ser.
554 244 588 275 in
611 245 795 275 Tusculano
812 246 878 277 circ.
896 245 956 276 xiii
969 245 1012 276 K.
1033 244 1117 285 Sept.
1135 256 1165 276 a.
1187 255 1246 285 709
1266 244 1347 286 (45).

625 334 797 365 CICERO
826 334 1008 365 ATTICO
1039 333 1145 365 SAL.

272 423 426 461 Atticae
456 423 625 473 primum
655 424 821 461 salutem
850 423 985 474 (quam
1016 423 1202 472 equidem
1232 422 1309 460 ruri
1339 435 1423 460 esse
1452 422 1549 460 arbi·
1567 432 1586 460 1

216 495 318 535 tror3
349 490 511 526 multam
533 488 647 538 igitur
667 487 849 537 salutem)
872 496 910 526 et
932 487 1062 526 Piliae.
1115 489 1176 525 De
1198 487 1376 537 Tigellio,
1400 487 1431 525 si
1452 487 1548 537 quid

178 565 193 595 5
217 552 318 590 novi.
379 553 458 601 Qui
489 553 662 602 quidem,
690 561 731 590 ut
760 553 854 590 mihi
883 554 1018 591 Gallus
1049 553 1195 591 Fadius
1223 553 1386 602 scripsit,
1409 555 1548 603 μέμψιν

216 619 391 667 ἀναφέρει
413 617 507 655 mihi
530 619 729 667 quandam
751 617 1048 666 iniquissimam,
1073 631 1135 656 me
1158 619 1355 656 Phameae
1376 618 1547 656 defuisse

215 695 306 719 cum
341 682 423 720 eius
459 696 617 720 causam
656 681 900 731 recepissem.
962 683 1093 730 Quam
1125 682 1287 732 quidem
1323 696 1545 732 receperam

214 755 350 785 contra
366 761 507 797 pueros
525 747 711 785 Octavios
733 748 806 785 Cn.
826 747 925 785 filios
943 760 1023 785 non
1040 747 1231 794 libenter3
1261 748 1330 785 sed
1348 749 1545 786 Phameae

213 826 331 850 causa
364 813 555 850 volebam.
618 815 710 850 Erat
750 812 866 859 enim,
909 813 939 850 si
979 812 1202 859 meministi,
1245 812 1284 850 in
1317 815 1543 851 consulatus

155 892 194 914 10
213 877 402 927 petitione
423 891 491 927 per
511 886 549 915 te
570 877 665 915 mihi
687 878 883 927 pollicitus
905 877 935 915 si
957 878 1052 927 quid
1069 891 1168 927 opus
1189 886 1315 925 esset3
1345 879 1454 928 quod
1470 892 1543 928 ego

211 942 373 991 perinde
394 943 532 980 tuebar
557 956 602 980 ac
630 943 661 980 si
689 957 781 981 usus
811 957 948 981 essem.
1010 945 1049 980 Is
1069 944 1120 981 ad
1148 956 1211 981 me
1232 943 1338 981 venit
1367 943 1543 993 dixitque

210 1007 381 1045 iudicem
412 1021 571 1057 operam
602 1009 695 1046 dare
725 1007 799 1046 sibi
828 1007 1078 1046 constituisse
1108 1021 1155 1045 eo
1180 1007 1244 1045 die
1271 1007 1357 1057 ipso
1385 1021 1464 1058 quo
1491 1009 1542 1046 de

208 1072 336 1110 Sestio
368 1080 501 1109 nostro
535 1074 620 1121 lege
655 1072 844 1122 Pompeia
875 1072 914 1109 in
944 1072 1152 1110 consilium
1183 1072 1226 1109 iri
1257 1086 1417 1110 necesse
1447 1081 1538 1111 erat.

209 1137 292 1175 Scis
313 1137 418 1174 enim
439 1137 523 1175 dies
551 1137 704 1174 illorum
733 1136 966 1174 iudiciorum
996 1137 1246 1186 praestitutos
1276 1137 1404 1176 fuisse.
1465 1139 1538 1176 Re—

152 1218 186 1250 15
208 1202 351 1251 spondi
373 1216 453 1240 non
474 1203 651 1252 ignorare
672 1216 761 1240 eum
784 1202 880 1251 quid
901 1215 973 1251 ego
1001 1202 1187 1240 deberem
1209 1201 1346 1240 Sestio.
1407 1203 1539 1251 Quem

208 1269 322 1305 vellet
343 1267 462 1305 alium
484 1267 589 1305 diem
612 1267 643 1305 si
668 1266 907 1316 sumpsisset,
933 1280 995 1304 me
1016 1266 1051 1304 ei
1079 1280 1159 1304 non
1180 1267 1418 1305 defuturum.
1479 1269 1540 1305 Ita

208 1340 291 1370 tum
330 1332 393 1371 ille
432 1332 610 1371 discessit
650 1332 778 1369 iratus.
850 1333 951 1369 Puto
984 1345 1047 1369 me
1086 1331 1156 1369 tibi
1188 1345 1373 1370 narrasse.
1445 1333 1538 1370 Non

206 1398 379 1436 laboravi
396 1398 543 1436 scilicet
564 1411 636 1435 nec
658 1397 828 1435 hominis
845 1396 961 1434 alieni
982 1396 1277 1435 iniustissimam
1294 1397 1536 1436 iracundiam

208 1463 303 1500 mihi
327 1464 541 1501 curandam
562 1462 705 1512 putavi.
767 1463 882 1500 Gallo
903 1470 1035 1500 autem
1064 1462 1226 1509 narravi,
1250 1476 1339 1500 cum
1361 1462 1537 1512 proxime
1557 1471 1581 1498 2

148 1544 188 1566 20
209 1530 363 1566 Romae
391 1528 458 1573 fui,
479 1528 575 1577 quid
604 1527 802 1566 audissem
832 1541 961 1577 neque
992 1527 1192 1565 nominavi
1216 1527 1385 1565 Balbum
1416 1527 1538 1565 mino-

206 1607 298 1632 rem.
360 1593 513 1631 Habuit
534 1607 648 1631 suum
676 1592 877 1642 negotium
900 1593 1035 1631 Gallus
1062 1600 1105 1630 ut
1131 1592 1274 1631 scribit.
1334 1592 1400 1630 Ait
1427 1592 1536 1630 illum

203 1662 321 1697 dicere
355 1674 417 1698 me
451 1659 571 1698 animi
612 1659 854 1697 conscientia
889 1660 997 1708 quod
1034 1659 1235 1696 Phamean
1270 1657 1535 1696 destituissem

203 1726 254 1762 de
273 1739 309 1762 se
330 1724 526 1774 suspicari.
574 1726 664 1773 Qua
684 1738 723 1761 re
744 1723 815 1762 tibi
837 1725 1027 1762 hactenus
1048 1724 1208 1770 mando,
1230 1724 1280 1761 de
1301 1722 1368 1760 illo
1389 1731 1536 1770 nostro,

203 1790 234 1827 si
255 1790 351 1840 quid
372 1790 527 1840 poteris,
544 1790 733 1840 exquiras,
748 1792 798 1829 de
816 1805 878 1829 me
899 1805 949 1829 ne
965 1791 1061 1840 quid
1088 1790 1251 1829 labores.
1297 1792 1367 1828 Est
1388 1790 1534 1828 bellum

145 1868 182 1899 25
202 1855 374 1905 aliquem
406 1855 572 1893 libenter
599 1855 728 1893 odisse
763 1864 801 1894 et
832 1869 951 1905 quem
982 1857 1033 1894 ad
1064 1857 1228 1894 modum
1259 1869 1333 1893 non
1363 1856 1535 1893 omnibus

201 1922 377 1966 dormire,
400 1923 455 1958 ila
487 1934 566 1958 non
597 1920 782 1958 omnibus
812 1921 963 1959 servire.
1026 1921 1110 1959 Etsi
1142 1934 1205 1959 me
1226 1922 1394 1967 hercule,
1417 1928 1459 1958 ut
1491 1928 1531 1958 tu

202 1985 406 2034 intellegis,
428 1985 549 2034 magis
572 1985 667 2022 mihi
688 1985 749 2023 isti
771 1986 954 2032 serviunt,
978 1985 1009 2023 si
1031 1987 1237 2024 observare
1259 1985 1399 2024 servire
1420 1993 1488 2024 est.

245 2099 264 2127 3
290 2096 402 2127 (quam
427 2113 433 2118 .
454 2112 460 2118 .
482 2112 489 2118 .
521 2088 680 2126 arbitror)
708 2089 818 2119 solum
842 2089 876 2119 in
896 2090 1085 2129 parenthesi
1112 2088 1308 2129 l‘Vcsenhetg.
1328 2090 1409 2128 sort.
1435 2093 1531 2125 recte,-

201 2136 273 2162 tnm
298 2132 488 2162 addendum
514 2132 543 2161 ei
570 2136 646 2161 ante
669 2136 703 2162 et
856 2133 876 2162 8
900 2134 959 2163 sed
985 2133 1085 2163 Rom.
1106 2144 1112 2163 ε
1137 2134 1197 2163 scd
1222 2138 1255 2163 et
1278 2132 1320 2162 M
1333 2133 1533 2173 (etfortasse

200 2179 238 2205 ut
253 2175 338 2205 docet
354 2176 479 2205 Mt't'llcr
492 2186 531 2205 ex
546 2176 710 2214 ephamee
727 2176 890 2216 archetypi,
911 2177 1115 2216 quaesbrma
1134 2176 1170 2215 (l.
1191 2178 1225 2215 6)
1243 2177 1277 2206 in
1296 2176 1337 2206 M
1355 2177 1531 2215 invenimr)

201 2228 238 2248 21
265 2219 372 2260 illum]
398 2219 453 2249 ille
472 2228 526 2258 χεῖ.
544 2219 720 2259 Tigellius)
747 2219 899 2249 Schmidt
1073 2230 1114 2250 22
1138 2224 1213 2250 ante
1234 2231 1287 2250 me
1312 2220 1388 2251 add.
1416 2220 1530 2250 dicere

199 2261 417 2302 Lamb.‚post
427 2273 479 2292 me
496 2261 683 2301 Wesenhmg
735 2262 907 2293 Phamean
921 2263 979 2293 M:
1008 2274 1071 2293 »am
1084 2262 1153 2294 edd.
1246 2274 1288 2302 23
1312 2265 1354 2294 de
1366 2273 1402 2293 se
1415 2263 1502 2303 vulg.
1523 2275 1530 2294 ε

200 2306 242 2335 de
254 2305 295 2335 M
380 2315 421 2343 25
447 2306 552 2335 libere
568 2305 719 2336 Schmidt
784 2317 852 2336 non
871 2330 877 2336 .
898 2330 905 2337 .
927 2331 933 2337 .
954 2307 999 2336 ita
1018 2306 1092 2337 add.
1113 2305 1233 2337 Lmnb.
1247 2306 1391 2338 echmz.
1407 2307 1462 2337 vii.
1477 2317 1528 2345 24.

204 2359 215 2378 1
238 2360 244 2378 :
269 2360 332 2380 om.
351 2349 438 2379 codd.
458 2352 487 2379 et
501 2348 651 2379 Schmidt
665 2350 725 2388 qui
738 2351 883 2389 quodam
902 2350 1000 2380 modo
1013 2356 1076 2390 pro
1091 2351 1376 2389 quemadmodum
1393 2351 1468 2390 legit
