1742 2651
52 91 170 128 XIII.
194 91 284 137 xiii,
304 90 381 127 xiv
574 92 629 128 M.
662 92 830 128 TVLLI
862 92 1169 130 CICERONIS

204 208 335 239 tamen
369 203 491 239 multa
522 203 706 239 detracta.
777 204 839 240 Tu
873 211 1005 241 autem
1040 203 1133 240 mihi
1170 203 1355 252 pervelim
1387 202 1533 241 scribas

203 266 268 316 qui
305 267 537 305 intellexeris
570 267 677 305 illum
713 269 838 309 velle:
879 268 974 307 illud
1005 283 1095 306 vero
1126 268 1260 318 utique
1291 268 1387 306 scire
1416 268 1533 317 cupio

203 345 321 380 quem
357 332 589 370 intellexeris
623 333 675 370 ab
707 347 754 370 eo
789 335 1081 382 ζηλοτυπεῖσθαι
1115 333 1189 371 nisi
1221 335 1319 371 forte
1354 335 1531 371 Brutum.

205 398 253 435 Id
270 398 399 435 hercle
414 398 581 435 restabat
600 401 605 434 l
646 400 723 437 Sed
741 406 874 436 tamen
892 399 990 438 scire
1008 399 1206 448 pervelim.
1248 398 1355 436 Libri
1372 398 1533 448 quidem

204 461 255 498 ita
276 461 462 510 exierunt,
486 462 560 500 nisi
584 464 682 501 forte
714 477 777 501 me
808 464 1031 502 communis
1053 466 1231 512 φιλαυτία
1251 463 1408 513 decipit,
1432 471 1473 500 ut
1494 463 1533 499 in

202 526 267 564 tali
296 540 437 576 genere
458 541 507 565 ne
527 529 634 577 apud
656 529 828 566 Graecos
849 528 1011 578 quidem
1033 528 1158 567 simile
1179 528 1402 578 quicquam.
1469 529 1532 564 Tu

202 591 307 628 illam
338 591 525 629 iacturam
546 593 644 630 feres
664 606 793 642 aequo
813 593 948 631 animo
977 595 1086 643 quod
1107 594 1172 631 illa
1192 607 1293 643 quae
1322 593 1444 630 habes
1467 590 1533 644 [de

204 655 470 709 Academicis]
488 658 626 695 frustra
647 658 843 708 descripta
864 666 964 697 sunt.
1011 661 1141 696 Multo
1158 667 1290 696 tamen
1306 659 1404 695 haec
1420 664 1531 695 erunt

159 730 183 757 2
203 721 480 770 splendidiora,
505 722 692 769 breviora,
712 723 883 761 meliora.
929 725 1048 761 Nunc
1069 732 1201 761 autem
1222 727 1346 772 ἀπορῶ
1367 735 1447 771 quo
1468 735 1531 760 me

201 794 358 824 vertam.
418 789 522 825 Volo
556 788 786 826 Dolabellae
818 790 931 827 valde
962 788 1228 831 desideranti;
1266 801 1347 825 non
1380 785 1530 836 reperio

200 851 306 901 quid,
341 860 378 890 et
413 852 527 890 simul
563 853 753 903 ίαἰδέομαι
783 856 931 903 Τρῶας’
964 867 1104 903 neque,
1139 853 1171 891 si
1200 853 1360 902 aliquid,
1394 859 1532 901 potero

200 918 341 967 μέμψιν
369 918 548 967 effugere.
608 920 688 956 Aut
719 920 955 957 cessandum
977 918 1092 968 igitur
1111 926 1178 955 aut
1204 917 1354 966 aliquid
1384 915 1534 965 excogi-

202 983 378 1020 tandum.
438 984 515 1021 Sed
536 982 632 1032 quid
654 984 750 1021 haec
771 983 871 1021 levia
890 996 1071 1021 curamus
1088 985 1104 1020 Ρ

158 1051 182 1088 3
257 1046 387 1084 Attica
408 1060 504 1092 mea,
529 1047 694 1085 obsecro
719 1056 768 1093 te,
792 1047 888 1097 quid
910 1047 1019 1097 agit?
1058 1048 1171 1095 Quae
1196 1060 1260 1085 me
1280 1047 1393 1084 valde
1413 1044 1530 1094 angit.

203 1113 280 1149 Sed
311 1112 448 1150 crebro
470 1120 625 1161 regusto
647 1120 731 1150 tuas
753 1112 898 1150 litteras
917 1127 927 1160 3
957 1112 995 1150 in
1017 1112 1076 1150 his
1096 1112 1318 1162 acquiesco.
1377 1112 1531 1148 Tamen

204 1185 388 1226 exspecto
410 1190 541 1215 novas.

158 1251 184 1288 4
260 1241 395 1278 Brinni
431 1242 591 1280 libertus
631 1244 793 1280 coheres
833 1251 965 1281 noster
994 1243 1146 1292 scripsit
1180 1243 1230 1280 ad
1270 1255 1332 1279 me
1361 1242 1471 1286 velle,
1504 1239 1533 1276 si

61 1301 132 1325 ’ΚΝ
153 1296 183 1333 ¹)
204 1306 299 1343 mihi
338 1309 518 1356 placeret,
550 1309 765 1346 coheredes
804 1322 845 1346 se
884 1316 921 1346 et
961 1308 1150 1346 Sabinum
1190 1307 1352 1345 Albium
1391 1307 1441 1343 ad
1472 1319 1534 1342 me

201 1372 341 1410 venire.
404 1373 451 1410 Id
479 1386 551 1422 ego
579 1374 695 1422 plane
722 1375 825 1410 nolo.
888 1373 1100 1411 Hereditas
1125 1372 1221 1410 tanti
1247 1385 1326 1409 non
1354 1379 1422 1408 est.
1484 1371 1534 1407 Et

199 1446 331 1476 tamen
347 1437 455 1476 obire
469 1438 661 1475 auctionis
678 1438 784 1476 diem
799 1438 911 1476 facile
928 1447 1111 1488 poterunt
1128 1439 1202 1488 (est
1215 1437 1320 1476 enim
1336 1449 1382 1473 111
1406 1436 1530 1483 Idus),

200 1503 231 1541 si
270 1517 333 1541 me
372 1503 410 1540 in
450 1504 680 1540 Tusculano
718 1503 906 1552 postridie
942 1505 1081 1541 Nonas
1116 1517 1231 1540 mane
1265 1500 1530 1540 convenerint.

202 1569 323 1617 Quod
344 1568 374 1605 si
392 1568 513 1605 laxius
531 1569 662 1605 volent
684 1569 854 1617 proferre
876 1568 993 1614 diem,
1010 1576 1194 1617 poterunt
1211 1569 1271 1605 vel
1293 1566 1458 1604 biduum
1473 1566 1532 1602 vel

201 1633 373 1671 triduum
396 1635 455 1670 vel
478 1641 518 1670 ut
540 1632 760 1673 videbitur:
792 1632 887 1670 nihil
916 1633 1020 1670 enim
1048 1633 1217 1671 interest.
1279 1633 1369 1680 Qua
1393 1645 1432 1669 re
1459 1630 1532 1667 nisi

69 1712 127 1732 xiv
145 1702 179 1742 2)
201 1698 276 1736 iam
295 1698 458 1748 profecti
472 1706 572 1745 sunt,
590 1698 775 1736 retinebis
790 1698 981 1736 homines.
1017 1700 1077 1736 De
1096 1701 1227 1743 Bruto,
1244 1697 1275 1735 si
1292 1697 1387 1747 quid
1401 1695 1531 1745 egerit,

201 1765 250 1802 de
272 1765 450 1810 Caesare,
474 1763 504 1801 si
526 1763 621 1813 quid
643 1763 753 1809 scieS,
777 1763 807 1801 si
829 1763 925 1813 quid
946 1763 1016 1801 erit
1038 1771 1235 1813 praeterea
1261 1762 1416 1801 scribes

241 1870 361 1913 XIV,
381 1870 465 1904 XV
513 1872 583 1904 Ser.
604 1874 637 1903 1'11
655 1873 817 1913 Arpinati
832 1873 904 1904 vK.
922 1874 1032 1912 Quint.
1054 1883 1082 1904 a.
1100 1882 1158 1912 709
1176 1871 1257 1912 (45).

610 1949 783 1981 CICERO
812 1950 993 1981 ATTICO
1023 1949 1128 1981 SAL.

97 2023 182 2076 1(2)
258 2025 361 2062 Illud
392 2024 509 2062 etiam
539 2032 658 2074 atque
687 2023 804 2062 etiam
836 2023 1060 2061 consideres
1081 2022 1209 2069 velim,
1232 2023 1436 2071 placeatne
1463 2019 1532 2057 tibi

202 2089 301 2128 mitti
328 2091 377 2128 ad
399 2092 617 2128 Varronem
639 2091 747 2139 quod
774 2089 1010 2138 scripsimus.
1071 2088 1154 2126 Etsi
1181 2087 1298 2127 etiam
1327 2088 1377 2124 ad
1405 2094 1443 2123 te
1469 2085 1533 2122 ali-

245 2205 274 2233 7,
287 2195 306 2223 8
331 2195 373 2224 de
391 2193 674 2224 Academicisdel.
688 2191 774 2222 Reid
787 2196 823 2221 nt
839 2203 877 2222 ex
894 2192 1087 2232 matginein
1099 2191 1353 2221 le.1·lnntinse›‘la
1426 2199 1472 2227 17,
1494 2189 1532 2217 18

202 2243 317 2268 noster
328 2262 335 2268 .
350 2262 357 2268 .
373 2261 379 2268 .
393 2237 611 2267 coheredes]
623 2236 710 2267 Crat.
729 2248 735 2266 :
752 2246 816 2266 0111.
833 2236 920 2266 codd.
1005 2237 1043 2265 18
1056 2246 1092 2265 se
1104 2240 1137 2265 et
1156 2234 1309 2264 Vrsinus:
1329 2233 1388 2263 sed
1400 2232 1530 2262 [Cum

202 2283 247 2312 ait
272 2283 362 2321 (corr.
384 2292 422 2310 ex
439 2282 486 2319 et)
506 2280 565 2310 M:
591 2281 697 2310 locum
721 2281 766 2309 ita
788 2279 871 2308 (lant
892 2279 960 2310 edd.
982 2279 1160 2309 recentiores
1181 2278 1321 2307 libertus
1345 2276 1532 2306 coheredes

202 2327 245 2355 ait
264 2331 296 2355 et
316 2325 475 2355 Sabinum
635 2334 678 2353 20
701 2323 794 2353 obire
812 2322 870 2351 M:
897 2334 1021 2353 novare
1040 2322 1067 2352 C
1219 2331 1257 2359 24
1285 2321 1393 2358 egerit
1413 2319 1532 2349 On‘llz':

203 2370 265 2398 erit
284 2369 370 2398 codd.
506 2378 547 2405 25
573 2367 598 2396 si
616 2368 695 2405 quid
715 2366 777 2396 erit
798 2361 971 2396 OERCZI·
986 2378 1041 2397 vm.
1061 2377 1067 2396 :
1094 2376 1157 2396 0171.
1180 2369 1207 2394 Δ

1553 801 1591 823 10

1556 1450 1594 1470 20
