1742 2651
123 92 231 129 XVI.
252 93 328 128 xvi
347 104 369 129 B
639 93 693 129 M.
726 93 894 129 TVLLI
926 92 1232 131 CICERONIS

274 204 401 254 posita
430 211 521 242 sunt
550 217 631 242 non
662 211 873 250 serventur,
903 217 1087 254 magnam
1116 203 1452 254 perturbationem
1481 216 1610 243 rerum

227 271 365 312 9fore.
431 269 630 320 Equidem
669 283 760 308 cum
800 271 924 308 multa
951 269 1077 319 (quod
1115 283 1278 308 necesse
1316 276 1397 307 erat
1430 269 1469 307 in
1504 276 1613 308 tanta

275 334 554 385 occupatione)
586 348 667 372 non
701 335 918 385 probentur
945 348 1047 385 quae
1082 335 1227 373 Caesar
1260 334 1448 381 statuerit,
1480 341 1613 372 tamen

275 398 329 437 oti
363 399 551 448 pacisque
590 412 708 437 causa
745 399 933 438 acerrime
967 399 1033 437 illa
1066 400 1174 437 soleo
1208 400 1431 437 defendere.
1493 399 1614 447 Quod

275 463 345 502 tibi
366 463 473 502 idem
495 477 639 514 magno
660 477 778 513 opere
800 463 1026 501 faciendum
1054 476 1224 511 censeo3
1253 476 1495 513 quamquam
1516 464 1614 501 haec
1634 474 1651 506 5

275 528 441 578 epistula
468 541 548 566 non
580 527 749 566 suasoris
776 535 833 566 est
861 529 931 566 sed
960 527 1159 576 rogatoris.
1220 527 1352 577 Igitur,
1376 527 1430 564 mi
1455 529 1611 574 Plance,

275 606 370 642 rogo
400 600 437 631 te
467 600 505 630 et
535 592 653 630 etiam
688 606 768 639 oro,
801 592 856 630 sic
896 592 1050 630 medius
1085 591 1201 629 fidius
1232 599 1274 629 ut
1304 591 1450 630 maiore
1482 592 1613 630 studio

276 657 478 707 magisque
505 671 552 695 ex
577 657 712 695 animo
738 671 851 706 agere
879 670 960 694 non
988 656 1147 706 possim,
1171 663 1214 693 ut
1241 663 1367 693 totum
1396 657 1472 694 hoc
1499 670 1615 706 nego-

275 722 372 760 tium
404 722 457 759 ita
489 735 591 771 agas,
625 721 677 759 ita
707 729 856 767 tractes,
887 722 939 759 ita
970 721 1156 760 conficias
1191 728 1244 768 ut,
1276 722 1385 770 quod
1417 721 1501 759 sine
1535 723 1614 760 ulla

275 787 523 826 dubitatione
565 787 673 836 apud
711 788 893 825 consules
938 786 1183 825 obtinuimus
1221 794 1380 836 propter
1417 800 1613 824 summam
1636 804 1674 825 10

276 852 492 890 bonitatem
523 858 561 889 et
585 851 824 901 aequitatem
855 865 1006 897 causac,
1037 851 1078 889 id
1107 859 1148 889 tu
1179 865 1251 889 nos
1285 851 1503 890 obtinuisse
1532 865 1613 890 non

275 918 398 956 modo
418 916 531 955 facile
551 916 699 967 patiare
720 917 791 955 sed
811 916 929 954 etiam
950 917 1133 966 gaudeas.
1186 917 1277 965 Qua
1297 916 1459 966 quidem
1479 918 1613 955 volun-

276 990 354 1020 tate
385 987 417 1019 te
446 995 531 1020 esse
561 995 651 1032 erga
681 981 858 1020 Atticum
891 995 1008 1031 saepe
1038 995 1223 1032 praesens
1255 989 1293 1020 et
1324 981 1377 1019 illi
1406 981 1613 1020 ostendisti

275 1055 313 1085 et
334 1061 425 1085 vero
449 1047 567 1085 etiam
593 1046 700 1084 mihi.
761 1047 882 1095 Quod
904 1046 935 1084 si
956 1046 1103 1093 feceris,
1128 1060 1191 1084 me
1212 1060 1331 1096 quem
1352 1048 1552 1085 voluntate
1576 1054 1615 1084 et

275 1120 437 1162 paterna
463 1111 756 1150 necessitudine
784 1111 1042 1149 coniunctum
1072 1125 1227 1161 semper
1247 1111 1419 1150 habuisti
1444 1111 1615 1150 maximo
1637 1127 1673 1158 15

276 1177 471 1216 beneficio
497 1177 726 1215 devinctum
755 1176 921 1215 habebis
943 1175 1064 1226 idque
1088 1184 1131 1214 ut
1160 1176 1279 1214 facias
1305 1184 1342 1215 te
1362 1177 1615 1216 vehementer

275 1243 392 1282 etiam
413 1250 532 1293 atque
553 1242 671 1281 etiam
693 1256 797 1292 rogo.

920 1395 966 1434 C.

639 1483 710 1514 Scr.
727 1483 837 1514 codem
855 1487 992 1523 tempore
1009 1494 1072 1524 quo
1088 1489 1133 1524 cp.
1152 1485 1192 1514 16
1208 1484 1248 1516 Β,

591 1561 769 1592 CICERO
803 1560 1026 1591 CAPITONI
1061 1561 1152 1592 SVO
1185 1562 1283 1593 SAL.
1636 1574 1677 1596 20

211 1650 258 1677 10
333 1642 562 1690 Numquam
598 1638 730 1689 putavi
765 1640 847 1676 fore
881 1646 923 1676 ut
958 1640 1122 1689 supplex
1156 1640 1207 1677 ad
1241 1648 1278 1678 te
1308 1640 1506 1689 venirem;
1544 1643 1614 1681 sed

276 1707 434 1744 hercule
455 1705 568 1743 facile
588 1703 715 1754 patior
731 1705 867 1742 datum
889 1711 1045 1754 tempus
1066 1704 1107 1742 in
1128 1718 1208 1754 quo
1228 1719 1403 1744 amorem
1425 1706 1616 1756 experirer

277 1778 399 1808 tuum.
459 1769 637 1807 Atticum
659 1769 795 1818 quanti
817 1769 957 1807 faciam
985 1769 1071 1807 scis.
1131 1771 1290 1808 Amabo
1311 1778 1358 1817 te,
1382 1772 1434 1809 da
1460 1771 1556 1808 mihi
1576 1779 1615 1810 et

276 1836 364 1881 hoc,
394 1834 623 1884 obliviscere
658 1848 746 1872 mea
777 1847 896 1872 causa
925 1834 1036 1872 illum
1070 1834 1286 1885 aliquando
1319 1849 1392 1873 suo
1422 1835 1612 1882 familiari,

276 1899 497 1938 adversario
532 1907 600 1937 tuo
634 1899 805 1938 voluisse
843 1901 1078 1947 consultum,
1114 1914 1204 1938 cum
1244 1900 1346 1938 illius
1380 1901 1614 1940 existimatio
1636 1914 1675 1946 ²5

276 1974 465 2015 ageretur.
534 1967 626 2003 Hoc
666 1965 835 2015 primum
875 1965 1078 2015 ignoscere
1116 1974 1175 2004 est
1206 1966 1461 2005 humanitatis
1500 1975 1614 2014 tuae;

277 2044 369 2069 suos
395 2031 500 2069 enim
526 2033 693 2083 quisque
717 2034 836 2072 debet
857 2033 980 2080 tueri:
1009 2033 1157 2072 deinde
1183 2033 1214 2071 si
1240 2047 1303 2072 me
1329 2047 1437 2071 amas
1458 2033 1613 2084 (omitte

277 2096 482 2147 Atticum),
518 2099 702 2137 Ciceroni
735 2108 803 2138 tuo
833 2113 952 2149 quern
988 2099 1124 2149 quanti
1156 2099 1275 2137 facias
1309 2113 1400 2150 prae
1434 2107 1472 2137 te
1511 2101 1612 2137 soles

277 2163 374 2200 serre
404 2170 530 2201 totum
559 2166 635 2202 hoc
663 2166 713 2202 da
740 2172 781 2202 ut
810 2166 917 2214 quod
946 2178 1100 2214 semper
1121 2165 1335 2203 existimavi
1363 2178 1468 2202 nunc
1496 2166 1612 2214 plane

325 2276 336 2295 1
365 2267 537 2305 magnam]
561 2268 613 2297 ln'c
633 2267 736 2306 (lzficit
757 2267 797 2297 M
815 2270 852 2297 us
867 2278 957 2297 nunc
970 2272 1026 2299 est.
1045 2268 1104 2298 sed
1113 2269 1243 2308 perh'sse
1258 2267 1517 2307 vicit-lursolinm
1535 2268 1610 2298 ulti-

279 2321 375 2339 mum
467 2322 482 2350 7
505 2315 580 2350 pos!
597 2312 698 2341 etiam
716 2311 790 2341 add.
807 2316 907 2350 atque
926 2313 1026 2342 etiarn
1047 2311 1170 2342 Miiller
1280 2321 1318 2350 13
1342 2317 1375 2342 te
1393 2311 1468 2341 add.
1488 2312 1607 2342 Lamb.

278 2364 316 2391 27
342 2355 459 2383 omitto
478 2355 556 2385 coni.
575 2354 660 2384 Boot
793 2365 835 2394 29
860 2355 902 2385 da
924 2366 952 2385 v.
969 2366 992 2385 c.
1022 2354 1050 2384 L
1072 2356 1212 2395 (weng.)
1233 2350 1276 2384 ΖΙ)
1294 2367 1300 2385 ;
1324 2366 1388 2385 om.
1409 2356 1497 2396 vulg.
