1742 2651
131 516 148 547 5

111 839 150 861 10

105 1629 143 1650 22>

578 125 690 161 EPP.
723 125 800 161 AD
831 124 1092 162 ATTICVM
1433 124 1528 161 XII.
1551 124 1613 160 xii

172 235 347 285 peditam
378 235 512 274 iacere.
579 237 714 273 Insula
744 235 912 285 Arpinas
943 235 1088 273 habere
1118 243 1247 285 potest
1280 248 1506 284 germanam

171 302 402 347 ἀποθέωσιν;
440 302 510 339 sed
541 315 675 339 vereor
704 315 754 339 ne
785 301 977 339 minorem
1011 301 1121 350 τιμὴν
1152 301 1297 339 habere
1329 301 1507 338 videatur

170 368 402 416 ἐκτοπισμός.
464 367 533 403 Est
568 366 683 416 igitur
711 365 866 404 animus
897 365 936 403 in
967 366 1115 412 hortis:
1160 379 1259 415 quos
1290 373 1422 403 tamen
1452 366 1507 403 in-

170 432 332 481 spiciam
363 445 453 469 cum
483 444 638 469 venero.

226 500 287 536 De
327 497 509 546 Epicuro,
547 505 587 534 ut
622 499 754 545 voles:
802 497 873 535 etsi
907 497 1195 547 μεθαρμόσομαι
1228 497 1267 534 in
1302 504 1502 546 posterum
1523 508 1546 534 2

168 577 291 612 genus
327 564 402 600 hoc
432 576 699 612 personarum.
760 563 998 601 Incredibile
1028 571 1086 601 est
1116 576 1234 612 quam
1266 576 1311 600 ea
1341 562 1503 611 quidam

169 628 377 678 requirant.
454 629 519 665 Ad
559 627 742 678 antiquos
782 627 920 677 igitur;
968 630 1196 677 ἀνεμέσητον
1233 629 1314 679 γάρ.
1394 627 1503 664 Nihil

168 694 296 731 habeo
337 695 387 731 ad
428 701 465 731 te
507 694 614 742 quod
645 693 824 739 scribam,
865 694 935 731 sed
984 701 1115 731 tamen
1164 692 1313 730 institui
1359 691 1504 730 cotidie

170 757 321 796 mittere
356 766 396 795 ut
432 757 585 795 eliciam
625 766 710 795 tuas
749 757 905 803 litteras,
947 771 1027 795 non
1067 772 1146 807 quo
1185 757 1334 807 aliquid
1373 770 1419 794 ex
1458 756 1503 793 iis

169 831 392 873 exspectem
418 824 486 861 sed
514 822 648 861 nescio
675 836 755 872 quo
783 824 904 860 inodo
933 830 1065 861 tamen
1090 831 1285 873 exspecto.
1346 823 1436 870 Qua
1464 835 1503 860 re

168 888 248 926 sive
273 888 394 926 habes
423 888 518 938 quid
546 887 626 926 sive
652 887 706 925 nil
734 887 867 935 habes,
891 887 1017 926 scribe
1045 895 1177 926 tamen
1204 886 1354 937 aliquid
1385 894 1502 936 teque

167 966 269 991 CUI‘a.

209 1101 326 1136 XIII
486 1103 555 1136 Ser.
573 1104 719 1135 Asturae
734 1104 819 1136 Non.
841 1105 942 1136 Mart.
964 1115 994 1137 α.
1017 1115 1076 1146 709
1096 1106 1178 1147 (45).

575 1195 747 1226 CICERO
769 1195 955 1227 ATTICO
979 1195 1085 1227 SAL.

220 1286 457 1324 Commovet
497 1298 560 1323 me
598 1284 755 1331 Attica3
805 1285 876 1323 etsi
915 1285 1115 1323 adsentior
1154 1286 1326 1324 Cratero.
1388 1284 1534 1323 Brutil

165 1349 313 1388 litterae
340 1350 506 1399 scriptae
536 1358 573 1388 et
600 1351 812 1399 prudenter
841 1358 879 1388 et
908 1351 1034 1388 amice
1065 1352 1207 1388 multas
1238 1350 1333 1388 mihi
1365 1358 1497 1388 tamen

163 1416 341 1454 lacrimas
379 1417 602 1454 attulerunt.
682 1417 751 1453 Me
789 1417 886 1454 haec
927 1416 1099 1454 solitudo
1144 1416 1274 1454 minus
1323 1415 1497 1454 stimulat

163 1494 281 1530 quam
308 1481 380 1519 ista
407 1481 621 1519 celebritas.
680 1483 739 1519 Te
767 1495 889 1518 unum
918 1481 1125 1521 desidero:
1155 1482 1225 1519 sed
1252 1481 1387 1519 litteris
1415 1495 1495 1519 non

162 1546 357 1584 difficilius
397 1554 485 1584 utor
523 1559 641 1595 quam
677 1546 707 1583 si
747 1546 855 1584 domi
895 1559 1032 1584 essem.
1092 1547 1222 1584 Ardor
1261 1554 1392 1584 tamen
1432 1546 1495 1584 ille

162 1611 267 1649 idem
301 1620 409 1661 urget
439 1620 477 1649 et
508 1620 640 1649 manet
670 1625 750 1649 non
782 1625 844 1649 me
874 1613 1032 1649 hercule
1063 1611 1291 1661 indulgente
1326 1625 1389 1649 rne
1424 1612 1493 1649 sed

162 1685 293 1715 tamen
324 1686 576 1726 repugnante.

216 1743 336 1791 Quod
362 1742 497 1780 scribis
518 1743 568 1780 de
589 1742 797 1792 Appuleio,
822 1743 916 1780 nihil
946 1751 1042 1793 puto
1070 1756 1168 1792 opus
1197 1756 1280 1781 esse
1309 1751 1375 1780 tua
1401 1756 1491 1781 con-
1510 1754 1534 1781 2

161 1807 336 1845 tentione
358 1821 430 1845 nec
453 1808 579 1845 Balbo
601 1815 638 1844 et
660 1807 816 1857 Oppio:
847 1808 990 1858 quibus
1016 1808 1176 1857 quidem
1203 1808 1266 1846 ille
1294 1816 1492 1858 receperat

162 1872 336 1922 mihique
367 1872 484 1910 etiam
515 1872 677 1910 iusserat
705 1873 873 1911 nuntiari
905 1888 945 1911 se
976 1875 1186 1911 molestum
1218 1873 1382 1911 omnino
1412 1887 1491 1911 non

161 1938 344 1975 futurum.
400 1939 477 1975 Sed
499 1951 591 1975 cura
611 1945 653 1974 ut
673 1951 834 1976 excuser
855 1938 980 1976 morbi
1003 1951 1120 1976 causa
1141 1938 1179 1975 in
1201 1937 1284 1975 dies
1306 1938 1490 1987 singulos.

161 2004 313 2040 Laenas
335 2003 410 2040 hoc
432 2010 640 2051 receperat.
701 2004 854 2040 Prende
877 2004 921 2041 C.
946 2003 1190 2052 Septimium,
1218 2004 1258 2040 L.
1283 2003 1489 2041 Statilium.

202 2117 220 2136 2
246 2107 305 2136 sed
328 2117 449 2136 vereor
474 2117 515 2136 ne
541 2107 703 2136 minorem
726 2106 820 2145 τιμὴν
839 2110 862 2138 Σ
886 2118 913 2138 v.
935 2118 956 2137 C.
977 2107 1062 2138 Cral.
1084 2107 1117 2137 F
1132 2107 1281 2147 idemque
1294 2108 1365 2146 fhre
1385 2108 1465 2138 Ant.
1485 2120 1491 2138 :

159 2161 224 2180 om.
245 2156 273 2180 Δ
458 2160 477 2188 3
501 2150 691 2187 ἐκνοπισμός
718 2149 862 2181 Lamb.:
903 2154 1147 2181 EKTONIMOC
1174 2152 1230 2181 M:
1269 2152 1435 2189 ἐκτόπιμος
1462 2151 1493 2181 Ζ

159 2193 288 2227 tamenl
308 2198 376 2223 tum
402 2193 500 2223 Orelli
642 2204 660 2232 5
687 2193 854 2232 Epicureo
875 2194 978 2224 Orelli
1122 2195 1142 2224 8
1166 2195 1307 2225 scribam
1334 2200 1357 2226 Σ
1375 2195 1462 2226 Crat.
1483 2207 1490 2226 ι

160 2237 364 2276 perscribam
383 2241 409 2266 Δ
573 2247 607 2266 ΙΙ
634 2238 712 2275 quid
731 2238 803 2268 sive
828 2239 874 2268 nil
897 2239 1001 2268 habes
1020 2237 1067 2268 C:
1100 2249 1164 2268 ont.
1186 2238 1225 2267 M
1383 2240 1432 2271 18,
1450 2248 1490 2277 19

159 2281 218 2310 sed
242 2281 304 2310 etsi
329 2282 377 2320 (et
394 2280 441 2310 F:
472 2281 498 2310 si
515 2280 552 2317 I‡·›
572 2281 692 2311 litteris
709 2305 716 2312 .
735 2305 742 2312 .
763 2307 769 2313 .
789 2292 910 2315 essem.
931 2282 1030 2311 ardor
1050 2280 1256 2322 Il'escnbetgt
1285 2293 1350 2313 om.
1371 2283 1433 2312 etsi
1451 2282 1492 2311 M

158 2335 201 2353 20
226 2324 310 2354 idem
328 2327 352 2355 Σ
369 2335 397 2354 v.
415 2335 437 2354 c.
456 2323 485 2353 L
504 2324 643 2364 (marg.)
666 2323 751 2355 Crat.
769 2336 775 2354 z
801 2336 866 2355 om.
881 2330 909 2354 Δ
999 2335 1036 2354 21
1060 2330 1171 2355 tamen
1191 2336 1258 2355 non
1277 2330 1490 2365 repugnante

158 2367 337 2397 Ascensius
353 2378 360 2397 :
385 2373 595 2407 repugnante
612 2372 723 2397 tamen
749 2369 891 2408 Tyrrcll:
916 2369 1016 2398 etiam
1035 2374 1246 2407 repugnante
1263 2370 1341 2399 coni.
1362 2368 1447 2398 Reid
