1742 2651
141 96 252 133 XVI.
274 95 351 132 xvi
368 108 392 133 Α
663 97 717 134 M.
750 97 918 134 TVLLI
949 98 1257 136 CICERONIS

936 227 984 263 A.

646 312 716 344 Ser.
736 313 768 343 in
790 312 976 344 Tusculano
992 313 1100 343 eodem
1118 317 1263 354 tempore.

419 389 462 421 M.
499 389 676 420 CICERO
711 390 745 420 L.
782 390 973 421 PLANCO
1007 390 1173 421 PRAET.
1208 389 1355 421 DESIG.
1392 389 1489 422 SAL.

244 481 268 517 3
342 467 462 506 Attici
493 468 615 506 nostri
645 476 682 506 te
709 470 822 506 valde
853 468 1074 507 studiosum
1104 482 1189 507 esse
1219 468 1396 519 cognovi,
1426 467 1503 507 mei
1529 481 1622 508 vero

287 530 341 570 ita
361 532 550 582 cupidum
572 540 614 570 ut
636 546 698 571 me
719 534 878 571 hercule
904 546 1052 582 paucos
1079 546 1204 582 aeque
1234 533 1476 572 observantis
1504 541 1622 584 atque
1643 551 1659 582 5

284 597 452 634 amantis
475 611 537 635 me
558 599 702 636 habere
723 598 952 636 existimem.
995 599 1059 636 Ad
1076 606 1256 647 paternas
1277 598 1382 636 enim
1404 611 1564 647 magnas
1586 606 1623 637 et

285 669 434 700 veteres
460 670 497 700 et
518 662 637 700 iustas
665 662 976 701 necessitudines
1004 676 1186 712 magnam
1207 663 1335 701 attulit
1355 663 1622 702 accessionem

287 734 354 764 tua
374 728 554 765 voluntas
576 741 666 777 erga
686 741 749 766 me
770 741 937 777 meaque
958 741 1048 777 erga
1068 735 1105 765 te
1126 740 1195 776 par
1214 734 1332 777 atque
1353 735 1498 765 mutua.

240 798 267 835 4
342 792 548 830 Buthrotia
569 792 639 830 tibi
666 806 783 830 causa
803 792 936 842 ignota
963 806 1044 831 non
1071 800 1138 830 est.
1200 791 1272 841 Egi
1300 792 1404 830 enim
1432 806 1547 842 saepe
1572 794 1622 831 de

286 871 331 894 ea
359 871 398 895 re
426 865 557 895 tecum
586 857 735 907 tibique
762 865 886 896 totam
913 871 995 896 rem
1017 856 1294 903 demonstravi,
1327 869 1427 906 quae
1457 865 1515 894 est
1534 864 1623 895 acta
1644 874 1684 896 10

285 923 361 960 hoc
401 924 533 961 modo.
598 925 650 960 Vt
689 923 858 973 primum
900 922 1151 960 Buthrotium
1191 935 1326 971 agrum
1360 921 1621 971 proscriptum

284 987 466 1034 vidimus,
489 995 713 1026 commotus
731 988 885 1026 Atticus
906 988 1082 1026 libellum
1105 986 1339 1036 composuit.
1402 988 1504 1024 Eum
1526 986 1622 1024 mihi

284 1052 394 1090 dedit
424 1060 465 1090 ut
495 1054 629 1091 darem
660 1053 817 1092 Caesari
833 1068 843 1101 ,·
880 1066 986 1091 eram
1016 1052 1121 1091 enim
1153 1059 1362 1090 cenaturus
1395 1052 1501 1101 apud
1530 1064 1622 1089 eum

284 1116 352 1155 illo
386 1117 460 1155 die.
526 1119 629 1155 Eum
663 1118 838 1156 libellum
871 1117 1029 1157 Caesari
1063 1116 1166 1155 dedi.
1230 1115 1414 1154 Probavit
1449 1128 1618 1163 causam,

285 1182 481 1232 rescripsit
505 1182 639 1220 Attico
668 1196 795 1232 aequa
824 1196 914 1221 eum
945 1183 1152 1232 postulare,
1179 1180 1387 1219 admonuit
1417 1188 1548 1219 tamen
1579 1188 1621 1219 ut
1644 1194 1680 1226 15

242 1260 266 1298 5
287 1247 496 1296 pecuniam
527 1248 716 1297 reliquam
746 1247 941 1287 Buthrotii
969 1248 1020 1285 ad
1051 1247 1156 1285 diem
1186 1248 1392 1284 solverent.
1467 1245 1621 1285 Atticus

284 1312 351 1361 qui
379 1312 576 1351 civitatem
605 1320 873 1351 conservatam
901 1320 1061 1363 cuperet
1090 1311 1299 1362 pecuniam
1327 1312 1545 1350 numeravit
1571 1314 1621 1351 de

284 1391 366 1416 suo.
427 1379 549 1427 Quod
574 1392 663 1415 cum
691 1386 793 1416 esset
814 1379 974 1423 factum,
994 1377 1164 1416 adiimus
1189 1379 1240 1416 ad
1263 1379 1485 1425 Caesarem,
1503 1378 1622 1416 verba

283 1442 447 1481 fecimus
468 1456 539 1493 pro
557 1442 782 1489 Buthrotiis,
801 1442 1117 1481 liberalissimum
1139 1444 1341 1482 decretum
1363 1443 1596 1482 abstulimus
1613 1463 1622 1495 3

283 1509 391 1557 quod
413 1516 470 1546 est
487 1507 737 1557 obsignatum
758 1508 809 1545 ab
829 1507 1079 1558 amplissimis
1095 1508 1195 1546 viris.
1243 1511 1357 1558 Quae
1378 1522 1468 1547 cum
1489 1516 1620 1547 essent
1641 1521 1681 1543 20

281 1580 378 1619 acta,
421 1572 549 1610 mirari
592 1572 778 1622 equidem
821 1573 998 1611 solebam
1036 1573 1116 1624 pati
1156 1576 1366 1614 Caesarem
1409 1573 1620 1612 convenire

283 1651 350 1675 eos
378 1637 444 1687 qui
470 1651 605 1687 agrum
635 1637 886 1675 Buthrotium
916 1639 1207 1689 concupissent,
1232 1653 1361 1689 neque
1385 1640 1512 1677 solum
1539 1638 1619 1688 pati

282 1703 351 1740 sed
379 1702 497 1740 etiam
524 1701 559 1740 ei
587 1701 746 1751 negotio
773 1709 810 1740 te
838 1703 1059 1751 praeficere.
1121 1705 1261 1753 Itaque
1286 1711 1324 1742 et
1344 1717 1416 1754 ego
1441 1717 1531 1741 cum
1553 1703 1620 1741 illo

281 1769 437 1805 locutus
467 1780 553 1805 sum
584 1774 622 1805 et
652 1766 806 1817 saepius
837 1768 1010 1818 quidem,
1040 1777 1083 1807 ut
1112 1769 1230 1807 etiam
1259 1782 1462 1807 accusarer
1490 1769 1541 1806 ab
1571 1782 1619 1806 eo

281 1832 390 1880 quod
420 1844 557 1880 parum
588 1832 833 1870 constantiae
864 1847 957 1872 suae
987 1835 1240 1880 confiderem,
1264 1841 1302 1872 et
1328 1835 1383 1871 M.
1409 1834 1618 1871 Messallae
1639 1845 1677 1877 25

281 1904 319 1934 et
340 1896 412 1946 ipsi
434 1896 568 1935 Attico
588 1896 685 1935 dixit
707 1905 748 1935 ut
771 1898 854 1936 sine
877 1913 969 1936 cura
994 1907 1123 1937 essent
1149 1907 1362 1949 aperteque
1382 1898 1619 1936 ostendebat

280 1975 322 1999 se
342 1961 606 2011 praesentium
629 1962 784 2001 animos
807 1963 905 2014 (erat
925 1963 1030 2002 enim
1052 1964 1260 2014 popularis,
1284 1971 1326 2002 ut
1346 1962 1478 2013 noras)
1499 1964 1618 2001 offen-

280 2028 372 2064 dere
393 2028 497 2064 nolle
513 2041 522 2073 ;
552 2041 643 2065 cum
668 2036 800 2066 autem
824 2042 929 2066 mare
950 2028 1191 2076 transissent,
1212 2036 1435 2067 curaturum
1456 2041 1498 2066 se
1518 2035 1560 2065 ut
1577 2027 1616 2065 in

233 2095 260 2131 6
279 2091 398 2129 alium
419 2105 556 2141 agrum
574 2094 872 2131 deducerentur.
930 2095 1044 2132 Haec
1065 2093 1132 2132 illo
1152 2094 1250 2132 vivo.
1306 2096 1400 2132 Post
1416 2091 1615 2130 interitum

277 2164 410 2194 autem
434 2157 623 2204 Caesaris,
648 2165 689 2195 ut
710 2157 879 2208 primum
908 2172 955 2196 ex
981 2166 1139 2196 senatus
1165 2160 1347 2197 consulto
1367 2171 1504 2196 causas
1525 2171 1616 2195 con-
1634 2166 1676 2198 30

278 2223 380 2259 sules
412 2235 650 2271 cognoscere
689 2221 953 2269 instituerunt,
985 2224 1082 2261 haec
1117 2236 1217 2272 quae
1249 2236 1365 2272 supra
1395 2221 1529 2272 scripsi
1563 2223 1614 2260 ad

318 2335 338 2364 3
365 2326 399 2356 L.
421 2324 477 2356 M:
504 2326 577 2356 CN.
599 2326 692 2357 Man.
808 2337 839 2365 9,
863 2337 902 2357 10
928 2327 969 2357 de
991 2338 1031 2357 ea
1053 2337 1087 2357 re
1105 2326 1220 2356 coda-es
1235 2326 1332 2356 Bosz':
1364 2326 1406 2356 de
1429 2336 1468 2355 ea
1491 2336 1518 2357 v.
1538 2337 1562 2356 c.
1583 2324 1613 2355 L

279 2369 441 2409 (marg.):
467 2380 533 2400 om.
557 2372 611 2400 ΣΔ
745 2371 787 2400 28
811 2374 924 2400 autem
942 2371 1000 2400 M:
1035 2381 1099 2401 om.
1124 2374 1192 2400 vett.
