1742 2651
628 137 739 173 EPP.
772 136 849 172 Al)
879 135 1138 173 ATTICVM
1468 136 1538 172 XI.
1563 134 1655 171 xxii

202 259 338 296 passus
360 254 416 284 est
444 248 493 285 de
514 247 590 285 illo.
651 248 773 296 Quod
800 246 960 296 quidem
987 246 1082 284 mihi
1110 249 1319 285 molestum
1349 261 1428 285 non
1450 256 1532 294 est3

202 311 298 350 illud
320 313 535 359 molestius,
557 312 648 350 istas
668 312 961 362 impetrationes
982 320 1134 350 nostras
1155 312 1252 350 nihil
1273 315 1410 351 valere.

257 379 372 424 Sulla,
398 385 439 415 ut
460 377 610 426 opinor,
633 391 716 416 cras
737 377 807 415 erit
829 377 891 415 hic
913 391 1002 415 cum
1026 379 1221 416 Messalla.
1283 380 1453 417 Currunt
1481 380 1531 416 ad
1550 386 1576 414 2

203 442 312 480 illum
348 442 448 493 pulsi
482 456 505 480 a
535 443 723 481 militibus
753 443 820 493 qui
855 457 895 481 se
928 451 1074 493 negant
1107 457 1285 493 usquam,
1318 444 1391 481 nisi
1426 458 1533 481 acce-

168 507 340 557 5perint.
413 510 517 557 Ergo
548 508 612 546 ille
646 509 723 546 huc
757 507 898 555 veniet,
934 509 1043 558 quod
1077 522 1158 546 non
1188 509 1391 559 putabant,
1423 510 1532 547 tarde

203 572 375 621 quidem.
419 573 564 611 Itinera
584 573 688 611 enim
710 573 763 611 ita
782 573 874 611 facit
895 581 937 611 ut
958 575 1102 612 multos
1123 573 1207 612 dies
1227 573 1267 611 in
1288 574 1531 624 *toppidu1n†

202 645 333 687 ponat.
377 639 597 676 Pharnaces
613 646 756 685 autem,
773 652 935 688 quoquo
953 640 1074 677 modo
1089 646 1187 688 aget,
1202 641 1352 678 adferet
1369 654 1529 677 moram.

203 702 311 749 Quid
340 702 434 739 mihi
466 703 580 752 igitur
610 705 777 741 censes?
835 705 921 741 Iam
951 703 1056 741 enim
1086 717 1250 753 corpore
1270 705 1332 742 vix
1358 705 1533 743 sustineo

201 768 428 816 gravitatem
449 769 564 806 huius
582 769 677 806 caeli
700 782 800 818 quae
821 769 917 806 mihi
938 770 1165 819 languorem
1186 771 1311 808 adfert
1328 771 1367 807 in
1383 772 1530 809 dolore.

145 848 182 869 10
202 835 265 870 An
288 833 347 871 his
369 833 459 871 illuc
482 834 666 872 euntibus
683 836 868 872 mandem
890 843 931 872 ut
948 848 1011 873 me
1031 843 1228 883 excusent,
1247 835 1329 885 ipse
1345 837 1533 874 accedam

202 898 393 948 propius?
437 902 607 948 Quaeso,
631 901 791 937 attende
811 907 849 938 et
870 913 944 946 me,
961 901 1069 949 quod
1089 901 1220 938 adhuc
1241 914 1358 950 saepe
1378 909 1534 951 rogatus

202 977 281 1001 non
313 964 448 1011 fecisti,
473 965 638 1002 consilio
665 965 763 1002 iuva.
824 964 914 1003 Scio
942 979 1021 1002 rem
1050 965 1248 1003 difficilem
1277 980 1371 1012 esse,
1395 968 1465 1004 sed
1492 974 1534 1004 ut

201 1031 242 1067 in
266 1030 376 1067 malis
399 1030 516 1067 etiam
539 1030 635 1068 illud
657 1044 745 1068 mea
765 1030 895 1080 magni
917 1030 1076 1068 interest
1097 1038 1134 1068 te
1156 1038 1197 1068 ut
1217 1031 1384 1069 videam.
1445 1034 1533 1070 Pro-

202 1096 306 1133 fecto
332 1095 481 1145 aliquid
510 1097 722 1145 profecero,
746 1095 777 1134 si
805 1095 845 1134 id
873 1095 1070 1134 acciderit.
1131 1097 1193 1134 De
1220 1103 1466 1144 testamento,
1492 1104 1534 1135 ut

145 1170 181 1201 15
201 1160 349 1207 scribis,
373 1161 670 1199 animadvertes.

244 1289 405 1326 XXIII
500 1294 569 1325 Scr.
592 1294 756 1325 Brundisi
768 1295 813 1325 vsi
826 1294 873 1326 Id.
895 1295 1007 1334 Quint.
1025 1306 1056 1325 a.
1077 1305 1135 1334 707
1152 1294 1237 1335 (47).

612 1381 788 1412 CICERO
821 1381 991 1413 ATTICO
1024 1382 1124 1414 SAL.

255 1462 377 1509 Quod
407 1462 457 1499 ad
489 1468 525 1498 te
556 1459 784 1510 scripseram
816 1467 856 1497 ut
886 1473 977 1497 cum
1007 1460 1177 1499 Camillo
1206 1460 1530 1507 communicares,
1552 1475 1571 1503 1

200 1527 250 1564 de
290 1541 338 1565 eo
378 1526 568 1565 Camillus
609 1525 704 1563 mihi
744 1525 896 1575 scripsit
935 1530 968 1562 te
1006 1539 1140 1563 secum
1179 1527 1366 1563 locutum.
1426 1528 1533 1564 Tuas

141 1605 181 1627 20
201 1591 346 1630 litteras
375 1592 677 1642 exspectabam,
708 1590 781 1628 nisi
802 1590 899 1629 illud
923 1590 1085 1640 quidem
1113 1591 1264 1638 mutari,
1288 1591 1318 1628 si
1345 1590 1455 1629 aliter
1475 1599 1533 1629 est

200 1665 237 1695 et
268 1665 433 1707 oportet,
457 1671 536 1695 non
567 1656 684 1695 video
712 1669 838 1706 posse.
899 1657 977 1694 Sed
1007 1670 1098 1694 cum
1124 1656 1175 1694 ab
1200 1656 1266 1693 illo
1291 1656 1532 1706 accepissem

199 1722 355 1770 litteras,
388 1723 606 1761 desideravi
635 1730 720 1760 tuas
751 1721 839 1772 <etsi
870 1722 1057 1771 putabam
1088 1729 1126 1760 te
1153 1721 1357 1760 certiorem
1385 1724 1531 1760 factum

199 1802 279 1826 non
301 1789 414 1838 esse),
440 1790 561 1827 modo
582 1790 728 1826 valeres
743 1803 754 1836 3
783 1787 990 1838 scripseras
1012 1787 1117 1826 enim
1139 1795 1176 1825 te
1197 1789 1371 1837 quodam
1389 1789 1531 1826 valetu-

197 1852 301 1891 dinis
321 1867 462 1903 genere
483 1853 673 1903 temptari.

141 1933 178 1964 25
252 1919 423 1968 Agusius
462 1918 624 1968 quidam
661 1919 809 1957 Rhodo
842 1926 1000 1957 venerat
1032 1930 1105 1955 V111
1143 1919 1240 1956 Idus
1275 1917 1409 1966 Quint.
1489 1921 1573 1957 Is2

198 1984 404 2022 nuntiabat
427 1984 621 2032 Quintum
649 1984 772 2022 filium
798 1986 850 2022 ad
873 1986 1081 2023 Caesarem
1109 1985 1327 2033 profectum
1351 1996 1412 2021 1111
1438 1986 1525 2022 Kal.

200 2051 299 2095 Iun.,
324 2049 581 2087 Philotimum
605 2051 795 2088 Rhodum
817 2049 942 2099 pridie
963 2063 1053 2087 eum
1075 2049 1180 2087 diem
1201 2049 1364 2095 venisse,
1384 2051 1528 2088 habere

196 2115 248 2152 ad
276 2128 338 2153 me
368 2115 523 2153 litteras.
585 2116 721 2164 Ipsum
749 2115 941 2165 Agusium
969 2114 1115 2153 audies
1177 2116 1254 2152 Sed
1284 2114 1430 2152 tardius
1458 2115 1529 2154 iter

196 2179 374 2218 faciebat.
436 2181 495 2217 Eo
525 2179 599 2217 feci
627 2186 669 2217 ut
697 2178 777 2232 [eo]
806 2179 981 2217 celeriter
1008 2179 1116 2217 eunti
1140 2180 1284 2217 darem.
1346 2180 1454 2228 Quid
1480 2180 1528 2217 sit

239 2285 260 2312 6
284 2283 463 2322 oppidum]
492 2294 560 2313 uno
586 2284 710 2322 oppido
735 2284 947 2324 Peerlkamp:
983 2284 1118 2323 oppidis
1143 2284 1264 2316 Lamb.
1396 2295 1417 2323 9
1441 2295 1527 2322 quae

197 2325 316 2357 Lamh.
336 2339 342 2357 :
367 2327 423 2366 qui
443 2327 499 2356 M:
525 2328 604 2365 quia
620 2327 719 2357 Klots
808 2328 1005 2367 languorem
1023 2327 1255 2360 Vrsz'm'eodex:
1280 2328 1429 2358 laborem
1442 2327 1532 2357 MW

201 2380 238 2407 13
263 2370 296 2400 in
315 2370 388 2401 add.
403 2371 587 2400 Brroaldus
722 2381 760 2410 19
782 2372 916 2411 scripsit
935 2376 967 2401 te
985 2382 1098 2402 secum
1116 2371 1233 2402 Rom.:
1257 2372 1433 2411 scripsisse
1451 2382 1525 2401 cum

198 2413 288 2442 MW
432 2425 473 2444 20
498 2418 549 2444 est
572 2414 649 2444 ll'l:
675 2425 739 2445 om.
757 2414 799 2444 M
945 2425 987 2453 29
1011 2425 1051 2445 eo
1068 2415 1124 2446 del.
1141 2416 1316 2446 Graevius:
1343 2416 1404 2446 has
1421 2415 1521 2446 Rom.
