1742 2651
594 136 707 172 EPP.
738 135 815 172 AD
846 134 1105 172 ATTICVM
1410 133 1505 170 XII.
1528 131 1589 168 vii

178 245 300 294 magis
325 245 555 284 liberalitate
582 246 637 284 uti
665 259 752 284 mea
778 259 896 296 quam
921 259 991 283 sua
1018 245 1205 283 libertate.
1266 245 1343 282 Sed
1373 251 1506 281 tamen

178 310 359 360 permisi3
389 311 458 349 tibi
480 311 585 349 enim
607 311 872 349 intellexeram
893 324 974 348 non
1003 309 1117 347 nimis
1143 309 1360 359 displicere.
1422 310 1507 358 Ego

178 375 296 413 etiam
334 383 452 425 atque
487 376 604 414 etiarn
639 376 821 425 cogitabo
859 383 976 424 teque
1015 382 1057 412 ut
1096 374 1202 412 idern
1242 373 1360 411 facias
1399 387 1504 422 rogo.

181 441 327 489 Magna
354 455 413 479 res
440 449 526 489 est;
552 441 717 491 simplex
743 448 801 479 est
826 454 995 487 manere,
1018 439 1115 478 illud
1142 451 1298 488 anceps.
1358 440 1506 476 Verum

141 518 160 550 5
178 505 410 544 videbimus.

235 572 296 609 De
324 573 447 610 Balbo
472 580 509 611 et
536 572 576 610 in
604 572 794 611 codicillis
821 571 1050 622 scripseram
1078 578 1116 609 et
1145 570 1198 608 ita
1228 569 1368 619 cogito,
1392 569 1507 607 simul
1526 576 1550 604 2

179 649 224 674 ac
252 637 417 676 redierit.
478 638 546 676 Sin
574 638 637 676 ille
661 638 819 684 tardius,
849 651 922 687 ego
949 645 1082 675 tamen
1110 636 1294 683 triduum,
1321 644 1370 683 et,
1399 637 1508 685 quod

179 702 369 751 praeterii,
394 704 602 741 Dolabella
622 703 739 742 etiam
761 716 928 741 mecum.

221 852 340 888 VIII
418 855 488 888 Scr.
508 857 542 887 in
565 856 750 888 Tusculano
767 868 810 887 m.
830 858 934 888 intere.
951 861 1034 898 post.
1056 867 1086 887 α.
1109 858 1170 896 708
1188 855 1274 898 (46).

123 952 162 974 10
594 945 765 976 CICERO
787 945 969 976 ATTICO
991 944 1095 975 SAL.

235 1031 298 1068 De
319 1030 512 1069 Cicerone
533 1031 664 1069 multis
686 1046 744 1069 res
766 1034 904 1082 placet.
957 1032 1103 1071 Comes
1125 1040 1183 1070 est
1204 1031 1381 1070 idoneus.
1432 1033 1511 1070 Sed

181 1097 231 1134 de
252 1095 377 1145 prima
397 1096 587 1146 pensione
607 1105 697 1135 ante
718 1097 932 1135 videamus.
992 1099 1118 1135 Adest
1143 1097 1247 1135 enim
1274 1097 1357 1135 dies
1385 1105 1422 1135 et
1447 1098 1511 1136 ille

181 1161 308 1199 currit.
369 1162 512 1208 Scribe,
541 1175 697 1211 quaeso,
725 1163 820 1212 quid
848 1164 986 1201 referat
1009 1164 1122 1201 Celer
1149 1163 1273 1212 egisse
1302 1164 1511 1201 Caesarem

182 1239 272 1264 curn
294 1227 525 1273 candidatis,
550 1235 678 1265 utrum
700 1227 783 1277 ipse
810 1228 849 1265 in
877 1228 1148 1266 fenicularium
1177 1242 1227 1265 an
1255 1227 1294 1264 in
1323 1228 1510 1265 Martium

121 1307 160 1339 15
183 1306 367 1341 campum
388 1293 542 1342 cogitet.
603 1295 653 1331 Et
674 1293 771 1331 scire
795 1307 889 1332 sane
913 1294 1029 1331 velim
1055 1293 1250 1343 numquid
1278 1306 1437 1331 necesse
1464 1293 1512 1330 sit

182 1358 351 1396 comitiis
381 1372 465 1396 esse
496 1360 660 1397 Romae.
721 1360 823 1397 Nam
855 1367 893 1398 et
923 1359 1044 1398 Piliae
1075 1359 1166 1398 satis
1196 1358 1421 1398 faciendum
1454 1366 1512 1398 est

181 1432 219 1461 et
241 1423 376 1474 utique
396 1423 562 1462 Atticae.

224 1576 292 1611 IX
504 1578 573 1610 Ser.
594 1579 740 1610 Asturae
757 1580 789 1610 vi
802 1579 846 1611 K.
866 1579 954 1611 Sext.
976 1591 1005 1611 a.
1031 1590 1088 1619 709
1109 1580 1190 1621 (45).

597 1667 770 1698 CICERO
792 1668 978 1699 ATTICO
1000 1667 1104 1699 SAL.

124 1774 164 1795 20
237 1759 300 1796 Ne
321 1770 393 1807 ego
414 1770 540 1796 essem
562 1757 625 1795 hic
647 1757 813 1795 libenter
832 1765 951 1806 atque
972 1757 1011 1795 id
1032 1757 1178 1795 cotidie
1199 1756 1332 1808 magis,
1351 1757 1389 1795 ni
1412 1764 1513 1796 esset

182 1837 229 1862 ea
257 1836 375 1861 causa
399 1837 517 1873 quam
546 1823 616 1860 tibi
644 1822 908 1872 superioribus
935 1823 1070 1861 litteris
1097 1823 1243 1873 scripsi.
1304 1823 1411 1861 Nihil
1439 1825 1512 1862 hac

183 1889 395 1927 solitudine
430 1888 651 1935 iucundius,
688 1888 762 1926 nisi
796 1890 957 1938 paulum
997 1889 1281 1938 interpellasset
1315 1891 1512 1938 Amyntae

183 1954 295 1992 filius.
345 1955 396 1991 ’Ὼ
428 1956 739 2007 ἀπεραντολογίας
763 1955 916 2003 ἀηδοῦςὲ
975 1956 1116 1993 Cetera
1140 1955 1221 1992 noli
1248 1962 1384 2004 putare
1409 1968 1513 1992 ama-

182 2018 321 2057 biliora
347 2019 428 2057 fieri
458 2033 574 2069 posse
599 2020 698 2067 villa,
722 2019 843 2067 litore,
872 2028 1080 2070 prospectu
1108 2020 1234 2066 maris,
1258 2020 1428 2066 tumulis,
1452 2020 1512 2057 his

125 2097 162 2128 25
182 2084 298 2122 rebus
325 2084 521 2122 omnibus.
581 2086 659 2122 Sed
687 2098 815 2134 neque
843 2087 939 2123 haec
964 2085 1082 2134 digna
1109 2085 1351 2134 longioribus
1379 2084 1513 2122 litteris

183 2162 256 2187 nec
277 2157 357 2187 erat
378 2151 486 2199 quod
508 2149 728 2196 scriberem,
752 2158 789 2188 et
811 2163 973 2188 somnus
995 2150 1166 2199 urgebat.

231 2263 269 2291 14
294 2252 565 2283 Foenicularium
589 2251 778 2293 lVesrnbmg
889 2255 928 2283 16
952 2258 983 2282 et
1003 2253 1105 2284 Piliae
1123 2253 1160 2283 I:
1185 2254 1306 2293 cepilie
1323 2254 1365 2284 M
1472 2263 1514 2292 23

185 2297 341 2327 Ceterum
359 2295 483 2327 Scln'itz
571 2307 612 2334 24
636 2296 716 2326 villa
733 2297 820 2336 vulg.
835 2308 841 2328 ε
868 2296 935 2327 ulla
953 2295 994 2325 M
1007 2296 1159 2326 Schmidt
1246 2299 1358 2334 maris,
1378 2298 1514 2328 tumulis

186 2341 269 2370 (sine
292 2341 358 2377 his)
378 2339 554 2370 Lehmann
579 2340 644 2371 coll.
673 2340 739 2370 xiv.
764 2350 809 2378 13.
833 2350 844 2369 1
864 2351 870 2370 :
899 2341 1000 2371 maris
1018 2346 1088 2370 tum
1107 2341 1146 2370 iis
1163 2340 1223 2371 M:
1253 2342 1442 2381 maritumo,
1462 2341 1514 2371 his

185 2383 277 2422 Reid.
288 2384 368 2422 sort.
389 2388 464 2413 recte
