1742 2651
146 915 185 938 10

144 1622 184 1643 20

142 2271 183 2302 30

611 127 722 163 ΕΡΡ.
757 127 834 163 AD
865 126 1125 165 ATTICVM
1418 129 1536 165 XIII.
1560 127 1654 164 xliv

201 238 391 288 quiddam
422 237 539 276 etiam
560 237 737 275 animum
767 237 884 275 levari
912 251 1000 275 cum
1032 238 1275 287 spectatione
1303 246 1385 276 tum
1414 239 1530 277 etiam

201 302 397 352 religionis
435 302 623 352 opinione
666 310 704 340 et
743 303 856 339 fama.
930 303 1088 341 Cottam
1129 302 1182 339 mi
1221 303 1337 340 velim
1378 304 1507 342 mittas
1523 319 1532 351 3
1551 310 1575 346 3

203 367 397 406 Libonem
420 381 575 406 mecum
598 368 727 405 habeo
748 374 786 405 et
807 367 1020 404 habueram
1041 374 1132 405 ante
1154 368 1333 406 Cascam.
1390 370 1533 406 Brutus

202 432 298 469 mihi
319 434 364 470 T.
384 432 512 482 Ligari
534 432 662 470 verbis
683 431 887 477 nuntiavit,
906 433 1014 481 quod
1034 433 1251 481 appelletur
1272 434 1315 470 L.
1335 434 1534 471 Corfidius

202 497 241 535 in
266 497 442 536 oratione
474 497 691 547 Ligariana,
714 504 883 535 erratum
908 509 994 534 esse
1023 510 1167 534 meum.
1228 499 1317 543 Sed,
1341 504 1383 534 ut
1411 498 1531 544 aiunt,

201 564 426 613 μνημονικὸν
460 565 669 613 ἁμάρτημα.
729 562 910 600 Sciebam
948 561 1167 600 Corfidium
1200 562 1533 611 pernecessarium

203 628 471 679 Ligariorum3
500 629 569 667 sed
585 642 676 666 eum
698 627 814 665 video
834 633 925 664 ante
946 640 1031 664 esse
1052 634 1262 664 mortuum.
1325 629 1386 665 Da
1408 627 1531 677 igitur,

203 708 362 744 quaeso,
386 693 587 743 negotium
614 691 818 739 Pharnaci,
842 694 1008 738 Antaeo,
1032 691 1162 730 Salvio
1184 700 1226 730 ut
1253 692 1293 731 id
1314 707 1460 731 nomen
1488 708 1535 731 ex

203 758 387 797 omnibus
409 758 516 797 libris
538 759 704 797 tollatur.

247 904 369 939 XLV
474 906 543 939 Scr.
563 907 597 938 in
620 906 805 937 Tusculano
821 906 858 936 iii
872 905 919 936 Id.
941 904 1027 936 Sext.
1047 916 1077 936 a.
1098 915 1157 946 709
1177 906 1255 946 (45).

616 994 790 1026 CICERO
811 994 992 1024 ATTICO
1015 993 1120 1024 SAL.

258 1085 346 1124 Fuit
367 1087 473 1136 apud
499 1099 561 1123 me
590 1083 726 1122 Lamia
752 1090 841 1133 post
867 1082 1085 1121 discessum
1107 1091 1217 1121 tuum
1246 1083 1534 1133 epistulamque
1554 1094 1571 1121 1

202 1152 251 1190 ad
288 1165 350 1189 me
384 1150 512 1189 attulit
548 1149 705 1187 missam
741 1148 815 1186 sibi
845 1162 868 1186 a
900 1149 1078 1187 Caesare.
1139 1150 1254 1196 Quae
1293 1162 1535 1198 quamquam

201 1224 293 1254 ante
314 1218 405 1255 data
426 1223 505 1254 erat
526 1228 645 1265 quam
666 1213 754 1252 illae
777 1213 1054 1260 Diocharinae,
1075 1221 1208 1251 tamen
1230 1215 1346 1263 plane
1367 1215 1536 1252 declaraa

203 1282 269 1320 bat
302 1281 409 1319 illum
448 1288 539 1318 ante
577 1281 692 1318 ludos
732 1281 937 1316 Romanos
976 1292 1061 1316 esse
1094 1286 1314 1316 venturum.
1376 1280 1423 1316 In
1458 1292 1536 1328 qua

203 1355 375 1384 extrema
395 1345 582 1395 scriptum
603 1351 683 1383 erat
704 1351 746 1381 ut
766 1344 816 1381 ad
837 1344 952 1381 ludos
980 1343 1114 1380 omnia
1134 1351 1285 1392 pararet
1312 1358 1410 1381 neve
1431 1358 1535 1381 com-

203 1411 372 1450 mitteret
393 1418 435 1448 ut
456 1411 595 1447 frustra
618 1408 701 1459 ipse
730 1416 987 1458 properasset.
1048 1410 1209 1446 Prorsus
1238 1423 1283 1446 ex
1311 1409 1370 1446 his
1398 1409 1534 1447 litteris

203 1491 283 1515 non
310 1476 516 1514 videbatur
545 1488 629 1513 esse
659 1473 825 1512 dubium
853 1473 948 1522 quin
978 1480 1069 1511 ante
1099 1487 1186 1510 eam
1214 1473 1320 1511 diem
1348 1481 1533 1511 venturus

202 1549 315 1588 esset,
351 1541 526 1590 itemque
565 1539 693 1577 Balbo
731 1552 821 1576 cum
856 1552 943 1576 eam
978 1538 1186 1588 epistulam
1225 1538 1381 1588 legisset
1412 1539 1533 1578 videri

203 1606 341 1645 Lamia
369 1605 537 1644 dicebat.

258 1672 353 1711 Dies
383 1671 564 1710 feriarum
592 1669 688 1708 mihi
711 1670 868 1708 additos
892 1668 1009 1707 video
1039 1670 1108 1707 sed
1139 1683 1258 1718 quam
1286 1672 1431 1708 multos
1459 1673 1529 1718 fac,

201 1739 232 1777 si
254 1753 317 1777 me
346 1751 466 1784 amas,
489 1736 621 1775 sciam.
683 1736 745 1773 De
773 1734 923 1772 Baebio
949 1734 1094 1784 poteris
1123 1742 1160 1772 et
1181 1736 1231 1773 de
1258 1737 1381 1773 altero
1402 1736 1532 1774 vicino

203 1803 381 1854 Egnatio.

256 1870 377 1918 Quod
399 1882 462 1906 me
492 1865 656 1905 hortaris
677 1873 719 1903 ut
746 1879 813 1903 eos
834 1865 919 1903 dies
950 1878 1181 1902 consumam
1210 1865 1250 1902 in
1280 1866 1531 1915 philosophia
1550 1875 1573 1901 2

201 1934 443 1984 explicanda,
459 1939 679 1970 currentem
701 1938 741 1968 tu
763 1929 925 1979 quidem
942 1945 951 1976 ;
979 1931 1045 1967 sed
1065 1944 1155 1967 cum
1179 1931 1387 1968 Dolabella
1403 1931 1530 1969 viven<

200 2001 296 2037 dum
321 2012 406 2037 esse
427 1997 508 2035 istis
533 1996 672 2034 diebus
694 1994 813 2033 vides.
874 1995 995 2042 Quod
1017 1994 1090 2032 nisi
1118 2009 1181 2033 me
1202 1995 1392 2044 Torquati
1414 2010 1529 2033 causa

201 2071 361 2110 teneret,
377 2063 468 2101 satis
485 2069 566 2100 erat
586 2060 737 2099 dierum
756 2067 797 2097 ut
815 2061 1000 2097 Puteolos
1017 2073 1217 2097 excurrere
1242 2074 1399 2110 possem
1421 2068 1458 2098 et
1479 2063 1528 2099 ad

201 2138 355 2180 tempus
376 2129 511 2167 redire.
573 2126 710 2165 Lamia
735 2126 897 2176 quidem
918 2139 941 2163 a
962 2126 1097 2172 Balbo,
1122 2133 1164 2163 ut
1184 2126 1402 2174 videbatur,
1423 2127 1528 2165 audi-
1549 2136 1572 2172 3

201 2202 307 2233 verat
326 2196 470 2232 multos
495 2206 680 2230 nummos
710 2191 819 2230 domi
840 2205 924 2229 esse
951 2198 1177 2229 numeratos
1204 2205 1304 2241 quos
1334 2200 1530 2241 oporteret

202 2274 320 2310 quam
347 2259 517 2310 primum
545 2257 680 2304 dividi,
705 2270 892 2306 magnum
919 2257 1076 2305 pondus
1103 2256 1251 2306 argenti
1267 2271 1276 2304 3
1305 2256 1530 2295 auctionem

248 2374 286 2402 19
311 2363 467 2401 idemque
491 2361 565 2391 Vict.
713 2371 752 2389 22
779 2361 886 2390 Bebio
906 2360 1002 2390 ORP
1016 2359 1098 2390 Ant.
1121 2360 1171 2390 F:
1197 2360 1295 2390 babio
1314 2365 1341 2390 Δ
1488 2369 1531 2398 3ο

201 2407 332 2446 argenti
349 2411 486 2446 praeter
503 2405 660 2445 praedia:
701 2404 891 2434 auctionem
910 2404 1018 2442 primo
1036 2403 1228 2444 Alalaspina

1383 2458 1445 2488 31*
