1742 2651
47 91 163 128 XIII.
188 90 296 126 xxiii
554 90 609 125 M.
642 88 810 124 TVLLI
844 87 1152 125 CICERONIS

197 202 247 238 da
273 208 309 237 te
334 199 372 237 in
400 212 622 238 sermonem
650 206 687 236 et
717 211 877 248 perseca
906 205 943 235 et
973 198 1125 235 confice
1155 205 1193 235 et
1220 196 1272 234 ita
1302 210 1391 235 cum
1416 199 1525 235 Polla

196 267 355 315 loquere
377 273 418 302 ut
440 273 477 303 te
498 278 589 302 cum
610 263 677 301 illo
698 266 846 301 Scaeva
871 263 980 312 loqui
1005 270 1118 312 putes
1146 276 1218 300 nec
1240 262 1437 300 existimes
1458 276 1525 300 eos

197 330 262 380 qui
285 344 365 368 non
387 329 520 368 debita
540 328 757 366 consectari
778 330 928 366 soleant
945 329 1054 377 quod
1075 328 1265 366 debeatur
1285 327 1524 366 remissuros.

201 397 262 433 De
282 395 346 434 die
367 402 519 433 tanturn
541 393 674 432 videto
695 401 731 431 et
753 393 792 431 id
814 393 941 442 ipsum
964 393 1071 430 bono
1093 394 1224 430 modo.

244 501 396 535 XXIV
465 503 536 534 Scr.
557 503 591 533 1'11
613 503 799 533 Tusculano
819 513 836 532 v
852 502 899 532 Id.
923 502 1032 541 Quint.
1055 513 1085 533 a.
1109 512 1167 541 709
1187 503 1265 542 (θ’).

624 579 794 610 CICERO
817 579 848 608 Α
861 579 998 609 TTICO
1021 578 1129 609 SAL.

166 667 181 694 1
259 655 367 703 Quid
397 661 454 692 est
482 653 590 703 quod
620 654 894 701 Hermogenes
920 650 1015 688 mihi
1042 651 1206 689 Clodius
1234 652 1533 689 Andromenem

203 719 277 758 sibi
298 719 441 758 dixisse
462 732 502 756 se
525 717 758 756 Ciceronem
780 715 924 753 vidisse
945 717 1168 764 Corcyrae?
1226 716 1311 764 Ego
1339 715 1443 752 enim
1470 729 1534 753 au-

204 785 285 823 dita
306 784 376 822 tibi
398 791 586 833 putaram.
648 782 713 819 Nil
736 781 849 830 igitur
870 795 919 818 ne
940 780 975 819 ei
997 780 1157 830 quidem
1179 780 1423 818 litterarum?
1470 782 1533 818 An

204 864 283 888 non
306 849 431 887 vidit?
489 847 624 885 Facies
645 860 736 896 ergo
758 854 799 884 ut
820 845 951 884 sciam.

259 915 368 964 Quid
391 914 459 952 tibi
482 927 554 964 ego
575 914 624 951 de
645 915 821 951 Varrone
843 911 1085 950 rescribam?
1143 913 1340 960 Quattuor
1366 911 1536 960 διφθέραι

205 989 294 1019 sunt
334 980 373 1017 in
414 987 479 1016 tua
518 986 721 1028 potestate.
788 978 910 1026 Quod
949 976 1071 1026 egeris
1111 976 1151 1014 id
1190 976 1378 1026 probabo.
1451 978 1535 1013 Nec

206 1054 337 1084 tamen
369 1045 557 1094 ‘aisse'osmt
578 1044 725 1093 Τρῶας.’
784 1042 893 1090 Quid
923 1041 1059 1080 enim?
1117 1042 1194 1079 Sed
1224 1041 1296 1090 ipsi
1327 1054 1446 1090 quam
1477 1054 1536 1078 res

207 1111 271 1148 illa
291 1110 520 1160 probaretur
540 1108 662 1158 magis
684 1107 854 1145 verebar.
915 1108 991 1144 Sed
1014 1105 1201 1155 quoniam
1230 1113 1270 1143 tu
1299 1104 1473 1154 suscipis,
1497 1104 1536 1142 in

206 1177 367 1213 alteram
388 1188 532 1212 aurem.

165 1252 189 1278 2
266 1243 326 1278 De
348 1239 566 1278 retentione
593 1237 769 1288 rescripsi
797 1238 847 1275 ad
873 1245 958 1274 tuas
985 1243 1164 1274 accurate
1192 1235 1353 1286 scriptas
1381 1235 1535 1273 litteras.

54 1296 187 1338 (ΧΠ-Ι)
211 1304 410 1345 Conficies
430 1304 545 1354 igitur
566 1311 602 1341 et
624 1303 784 1352 quidem
807 1301 890 1339 sine
911 1303 989 1339 ulla
1008 1300 1256 1339 dubitatione
1275 1307 1342 1338 aut
1363 1307 1541 1338 retracta-

209 1371 327 1409 tione.
389 1371 481 1408 Hoc
503 1369 584 1407 fieri
606 1376 643 1406 et
664 1375 818 1417 oportet
839 1374 876 1404 et
897 1380 996 1416 opus
1018 1373 1085 1404 est.

254 1476 381 1512 XXV
466 1477 535 1508 Ser.
556 1478 589 1507 1'11
612 1476 797 1507 Tusculano
813 1476 844 1505 ιύ
861 1475 909 1505 Id.
933 1475 1043 1513 Quint.
1066 1485 1093 1505 α.
1119 1484 1176 1514 709
1195 1473 1275 1514 (45).

616 1552 787 1584 CICERO
811 1552 842 1581 A
855 1552 991 1582 TTJCO
1015 1551 1122 1582 SAL.

268 1633 330 1669 De
360 1630 617 1667 Andromene
652 1635 693 1664 ut
732 1625 868 1663 scribis
908 1625 960 1662 ita
999 1633 1188 1674 putaram.
1250 1623 1397 1662 Scisses
1436 1622 1540 1661 enim

170 1707 194 1734 2
214 1696 389 1745 mihique
416 1693 590 1733 dixisses.
649 1693 712 1730 Tu
737 1700 869 1729 tamen
897 1691 949 1728 ita
979 1690 1075 1728 mihi
1105 1692 1154 1728 de
1184 1692 1305 1727 Bruto
1336 1688 1470 1727 scribis
1500 1695 1541 1726 ut

213 1764 262 1800 de
284 1770 321 1799 te
343 1760 450 1798 nibil.
495 1759 668 1808 Quando
689 1765 820 1795 autem
843 1757 951 1794 illum
973 1758 1116 1805 putas?
1160 1757 1263 1792 Nam
1281 1768 1353 1804 ego
1372 1756 1541 1791 Romam

213 1828 336 1879 pridie
368 1828 475 1865 Idus.
538 1826 660 1862 Bruto
690 1823 742 1861 ita
771 1822 877 1860 volui
908 1821 1075 1859 scribere
1101 1820 1187 1871 (sed
1215 1819 1402 1870 quoniam
1434 1826 1474 1856 tu
1505 1826 1542 1856 te

212 1893 351 1943 legisse
381 1890 528 1937 scribis,
552 1890 606 1928 fui
637 1891 799 1927 fortasse
831 1886 1105 1936 ἀσαφέστερος)
1136 1899 1199 1923 me
1229 1899 1275 1923 ex
1302 1885 1377 1922 tuis
1407 1883 1542 1922 litteris
1566 1897 1578 1917 2

212 1957 448 1997 intellexisse
476 1958 581 1994 nolle
609 1969 699 1994 eum
728 1968 791 1992 me
819 1953 929 2004 quasi
958 1951 1222 2003 prosequendi
1247 1950 1306 1988 sui
1328 1964 1445 1988 causa
1467 1952 1543 1987 Ro-

214 2037 318 2062 mam
340 2037 446 2061 nunc
468 2022 610 2061 venire.
655 2022 743 2065 Sed,
767 2019 956 2069 quoniam
977 2018 1054 2056 iam
1075 2018 1186 2055 adest
1208 2029 1317 2054 meus
1338 2017 1540 2061 adventus,

214 2090 285 2135 fac,
309 2101 468 2138 quaeso,
499 2101 548 2125 ne
579 2085 675 2136 quid
705 2098 794 2122 eum
828 2085 923 2121 Idus
954 2081 1171 2132 impediant
1201 2094 1281 2130 quo
1312 2080 1440 2117 minus
1471 2094 1542 2118 suo

262 2204 273 2222 1
301 2198 416 2232 persta
441 2191 593 2221 Ribbeck:
618 2200 758 2229 persece
781 2189 860 2218 com'.
882 2187 1004 2217 Orclli:
1030 2187 1155 2225 perfice
1172 2184 1256 2215 Reid
1342 2190 1375 2214 et
1400 2184 1444 2214 ita
1469 2195 1543 2214 cum

216 2237 310 2267 Polla
327 2248 355 2266 v.
376 2248 398 2266 c.
423 2235 539 2266 ORP:
564 2235 675 2264 excita
700 2232 866 2271 compella
884 2230 942 2260 M:
969 2235 1002 2260 et
1023 2231 1067 2259 ita
1092 2240 1167 2259 cum
1194 2229 1298 2258 Balbo
1320 2228 1424 2258 Rcsd:
1450 2232 1483 2257 et
1501 2228 1545 2257 ita

215 2290 289 2310 cum
308 2280 425 2310 Caelio
443 2278 593 2309 Schmidt
674 2288 692 2307 2
717 2287 778 2306 nee
794 2274 979 2305 Corradus:
1006 2285 1047 2303 ne
1066 2273 1105 2302 Μ
1185 2274 1204 2302 8
1227 2272 1422 2311 Εοῑςγωῑθ
1440 2270 1545 2300 RPI:

214 2334 351 2354 currere
377 2329 404 2353 Δ
536 2332 569 2351 11
599 2321 735 2360 διφθέραι
750 2319 848 2348 Rom.
866 2319 905 2348 I:
930 2320 1080 2356 ὃιφθεριαι
1098 2310 1175 2346 MZl
1306 2326 1347 2353 24
1374 2315 1482 2345 Bruto
1500 2315 1545 2344 ita

215 2367 304 2398 volui
323 2366 410 2398 codd.
425 2369 554 2406 praelcr
568 2371 595 2395 Δ
614 2375 672 2395 v.c.
690 2363 718 2392 L
738 2363 881 2402 μυίης.)
901 2361 986 2392 Crat.
1006 2373 1012 2391 ε
1037 2361 1081 2391 ita
1098 2359 1187 2390 volui
1207 2359 1310 2389 Bruto
1329 2364 1356 2388 Δ
