1742 2651
116 136 162 171 X.
182 135 256 170 viii
584 133 639 169 M.
672 131 839 168 TVLLI
872 130 1178 169 CICERONIS

215 260 304 283 cnm
338 244 537 283 coniuncti
573 258 622 282 nc·
657 257 746 281 cum
788 242 960 292 praemio
995 241 1155 291 quidem
1188 240 1383 279 voluimus
1421 242 1543 278 esse?

171 318 197 356 4
220 310 373 348 Deinde
394 311 469 347 hoc
490 308 590 354 vide,
614 322 692 345 non
719 321 803 345 csse
831 306 1018 344 iudicium
1047 307 1097 344 de
1122 313 1202 343 tota
1229 304 1482 343 contentione
1503 304 1542 342 in

217 374 430 425 Hispaniis,
455 373 527 411 nisi
549 375 646 411 forte
667 372 712 410 iis
732 371 884 409 amissis
910 385 1017 409 arma
1039 370 1272 420 Pompeium
1299 369 1543 407 abiecturum

214 448 337 490 putas
357 439 466 478 cuius
488 452 606 476 omne
627 437 834 476 consilium
851 436 1189 475 Themistocleum
1211 443 1278 473 est.
1339 434 1544 472 Existimat

214 504 319 543 enim
341 504 407 553 qui
429 517 533 541 mare
554 510 685 541 teneat
706 516 796 540 eum
819 515 978 539 necesse
993 514 1066 538 esse
1086 514 1213 538 rerum
1234 499 1359 550 potiri.
1405 501 1545 548 Itaque
1565 512 1581 542 5

214 583 431 619 numquam
466 569 506 607 id
537 568 613 617 egit
645 576 687 606 ut
718 567 935 617 Hispaniae
966 580 1033 616 per
1062 579 1103 604 se
1133 573 1366 611 tenerentur,
1398 564 1546 602 navalis

214 642 421 685 apparatus
467 633 502 672 ei
547 647 701 683 semper
745 632 1016 682 antiquissima
1055 644 1146 669 cura
1184 630 1265 668 fuit.
1336 629 1546 679 Navigabit

216 700 339 749 igitur,
374 712 464 737 cum
498 698 568 737 erit
602 706 768 747 tempus,
803 696 981 734 maximis
1015 695 1205 734 classibus
1238 703 1274 733 et
1308 696 1358 732 ad
1392 694 1546 732 Italiam

215 766 388 804 accedet.
450 765 496 802 In
525 777 602 813 qua
632 777 703 801 nos
731 764 913 801 sedentes
934 762 1029 812 quid
1060 761 1236 799 erimus?
1273 773 1363 797 nam
1394 759 1547 797 medios

216 844 300 869 esse
322 830 399 868 iam
420 843 500 868 non
522 829 665 867 licebit.
709 827 910 867 Classibus
926 825 1220 865 adversabimur
1241 824 1383 875 igitur?
1426 825 1547 872 Quod

218 895 342 934 maius
367 896 492 933 scelus
517 902 584 932 aut
611 901 763 931 tantum
785 892 988 942 denique?
1031 891 1126 940 quid
1148 889 1330 940 turpius?
1370 888 1549 928 †anuival

219 960 360 1001 dehic-t
378 960 416 997 in
433 958 606 997 absentis
629 959 734 1008 solus
756 957 825 995 tuli
846 958 982 1002 scelus,
1000 956 1177 994 eiusdem
1194 968 1285 992 cum
1300 953 1491 1004 Pompeio
1511 961 1550 991 et

177 1034 202 1072 5
221 1039 310 1064 cum
338 1024 495 1074 reliquis
522 1023 764 1074 principibus
795 1036 875 1061 non
906 1023 1058 1060 feram?
1115 1022 1235 1069 Quod
1265 1019 1296 1057 si
1323 1019 1399 1057 iam
1430 1018 1550 1056 misso

221 1090 349 1128 officio
379 1089 539 1140 periculi
570 1088 666 1126 ratio
696 1088 880 1126 habenda
909 1095 976 1134 est,
1003 1087 1053 1124 ab
1083 1085 1156 1123 illis
1186 1093 1243 1123 est
1272 1084 1488 1134 periculum
1519 1084 1550 1122 si

220 1169 395 1206 peccaro,
418 1155 468 1192 ab
489 1156 566 1192 hoc
591 1153 621 1191 si
645 1161 748 1192 recte
769 1154 909 1199 fecero,
932 1165 1005 1189 nec
1033 1152 1155 1188 ullum
1183 1150 1222 1187 in
1250 1149 1308 1187 his
1330 1149 1440 1187 malis
1461 1163 1551 1187 con-

220 1220 349 1258 silium
376 1219 550 1269 periculo
570 1231 737 1256 vacuum
768 1216 931 1255 inveniri
962 1223 1102 1265 potest,
1125 1223 1167 1252 ut
1197 1228 1277 1252 non
1307 1214 1355 1252 sit
1384 1214 1550 1252 dubium

221 1285 315 1335 quin
337 1284 498 1334 turpiter
518 1285 644 1321 facere
665 1296 754 1321 cum
776 1281 949 1332 periculo
974 1280 1178 1330 fugiamus,
1202 1280 1310 1329 quod
1331 1281 1552 1329 fugeremus

221 1350 338 1388 etiam
359 1363 450 1387 cum
472 1350 605 1386 salute.
670 1349 783 1387 tNon
814 1346 928 1384 simul
956 1359 1046 1383 cum
1070 1344 1261 1394 Pompeio
1289 1358 1393 1383 mare
1420 1344 1553 1382 transi-

221 1415 374 1453 erimus.
418 1413 594 1452 Omnino
616 1427 690 1450 που
707 1411 942 1462 potuiiiius†.
996 1412 1131 1447 Exstat
1151 1409 1249 1447 ratio
1269 1409 1432 1448 dierum.
1474 1411 1552 1448 Sed

222 1489 353 1518 tamen
386 1480 593 1528 (fateamur
622 1478 727 1516 enim
758 1477 866 1526 quod
896 1476 970 1526 est)
1000 1489 1050 1513 ne
1080 1475 1289 1513 condimus
1319 1474 1480 1525 quidem
1510 1482 1553 1512 ut

223 1545 428 1595 possimus,
490 1543 642 1581 Fefellit
662 1556 707 1580 ea
731 1556 794 1580 me
818 1555 877 1579 res
902 1554 1002 1590 quae
1029 1542 1190 1578 fortasse
1211 1554 1291 1577 non
1312 1540 1460 1588 debuit,
1483 1540 1553 1578 sed

224 1610 367 1648 fefellit.
430 1611 572 1646 Pacem
606 1607 739 1658 putavi
774 1609 864 1645 fore.
926 1608 1039 1655 Quae
1071 1606 1102 1643 si
1137 1614 1248 1653 esset,
1286 1606 1425 1643 iratum
1459 1604 1569 1642 mihi'

225 1678 434 1714 Caesarem
474 1687 569 1719 esse,
608 1687 698 1711 cum
730 1674 835 1711 idem
875 1671 1024 1709 amicus
1063 1679 1164 1710 esset
1197 1671 1399 1721 Pompeio,
1434 1670 1552 1708 nolui.

226 1742 429 1779 Senseram
465 1739 569 1777 enim
600 1750 718 1787 quam
754 1737 858 1774 idem
893 1745 1033 1775 essent.
1095 1739 1187 1775 Hoc
1217 1750 1353 1775 verens
1384 1735 1422 1773 in
1452 1736 1554 1772 hanc

272 1854 286 1874 1
313 1843 483 1874 coniuncti
502 1854 544 1873 ne
560 1843 748 1883 blervagizts
763 1857 768 1874 :
794 1844 1033 1875 coniunctione
1051 1844 1139 1874 codd.
1254 1843 1420 1874 voluimus
1437 1841 1530 1873 Man.
1547 1853 1555 1873 z

226 1889 378 1919 volumus
396 1887 436 1916 M
567 1896 585 1924 5
610 1897 685 1917 esse
702 1887 778 1918 add.
795 1888 914 1919 Lamb.
1052 1899 1069 1927 7
1095 1898 1173 1918 cura
1196 1886 1355 1917 RPM2s:
1381 1897 1445 1917 om.
1469 1886 1552 1916 OM¹

225 1943 247 1971 9
272 1931 399 1961 medios
416 1931 452 1968 cf
472 1930 557 1960 Reid
571 1930 618 1960 ad
630 1930 724 1961 Ball).
744 1942 786 1970 ¹29
934 1942 972 1962 10
997 1932 1170 1962 Classibus
1185 1931 1254 1962 secl.
1275 1931 1369 1961 Man.
1516 1939 1551 1960 11

227 1975 334 2004 maius
350 1985 366 2003 s
383 1973 573 2014 Malaspt'na
589 1985 595 2003 :
620 1975 726 2004 malus
745 1975 880 2005 MZOR
981 1975 1091 2005 scelus
1109 1980 1166 2005 aut
1183 1974 1372 2014 Malaspt'na
1387 1985 1393 2004 ε
1427 1973 1555 2004 scilicet

227 2017 314 2048 codd.
461 2028 508 2057 ΙΙ,
530 2028 567 2048 12
591 2019 727 2048 anuival
745 2019 843 2049 dehic
862 2020 894 2049 in
912 2017 962 2047 M¹
981 2031 986 2048 :
1013 2030 1055 2048 an
1073 2019 1130 2057 qui
1147 2019 1246 2048 valde
1264 2018 1342 2048 hinc
1358 2016 1473 2047 codices
1489 2028 1554 2047 uon

228 2062 312 2091 nulli
326 2061 552 2100 Malaspinae:
580 2072 623 2092 an
646 2063 792 2092 invalide
818 2063 871 2092 hic
894 2063 925 2092 in
946 2061 1031 2091 0M2
1050 2063 1187 2102 {nlaisgsl
1204 2073 1210 2091 ε
1240 2061 1362 2092 animal
1380 2061 1502 2090 dehinc.
1520 2061 1552 2090 in

227 2105 342 2143 (dehic
360 2105 406 2135 R)
426 2105 512 2135 RF:
546 2116 587 2136 an
618 2107 712 2136 cuius
733 2107 841 2136 adhuc
866 2107 899 2135 in
924 2105 1082 2143 Madmjg:
1115 2117 1157 2135 an
1183 2106 1265 2134 iram
1291 2105 1390 2134 huius
1413 2104 1443 2133 in
1469 2103 1553 2142 Hof-

227 2159 348 2178 mann:
374 2149 432 2177 alsi
445 2149 510 2178 alia
604 2160 640 2188 17
658 2151 804 2188 turpiter
818 2150 927 2179 facere
945 2160 1011 2179 0711.
1027 2148 1117 2178 Rom
1139 2161 1143 2178 :
1173 2149 1282 2178 facere
1296 2159 1359 2178 Olll.
1375 2147 1488 2177 codices
1499 2148 1558 2178 Pis

232 2193 268 2221 18
291 2193 406 2232 simul}
428 2194 454 2222 si
476 2193 574 2223 simul
597 2194 719 2232 swrell
845 2193 1036 2223 transiirnus
1060 2192 1256 2232 Nz'ppt‘rdqv:
1290 2191 1554 2220 transieramus?

233 2235 351 2275 Tvrrcll
476 2248 513 2271 10
538 2248 603 2266 non
630 2236 704 2266 add.
727 2236 820 2267 Man.
843 2240 917 2265 ante
940 2237 1130 2275 potuimus:
1165 2235 1241 2265 add.
1271 2234 1302 2264 P
1321 2238 1396 2263 aule
1417 2235 1554 2263 omnino

228 2290 270 2310 20
294 2282 470 2311 condimus
490 2274 640 2310 CORMs
657 2279 712 2309 (ab
731 2279 909 2313 *τυιιιῖίνοἾγ
925 2291 930 2308 1
966 2279 1203 2309 contendimus
1222 2276 1401 2317 Nz'pperdqv
1513 2287 1551 2306 21

228 2334 405 2362 possemus
422 2323 601 2364 Nipperdqv
705 2333 743 2351 vn
769 2333 820 2352 me
847 2322 987 2352 Bovius:
1021 2333 1092 2352 eam
1122 2317 1292 2351 Z¹'()¹M¹:
1327 2331 1366 2350 en
1396 2319 1552 2349 RPMs:

228 2369 315 2397 enim
338 2369 380 2395 ()’-’

1570 840 1608 861 10

1573 1165 1609 1196 ¹5

1575 1490 1612 1510 20
