1742 2651
602 94 715 132 EPP.
748 94 825 131 AD
855 93 1116 132 ATTICVM
1407 91 1517 128 XVI.
1542 90 1587 126 xi

185 203 224 241 in
267 204 313 241 D.
350 205 544 242 Brutum?
613 204 663 242 Di
703 204 812 243 istis!
875 206 960 255 Ego
1000 217 1073 250 me,
1115 210 1157 241 ut
1196 202 1436 252 scripseram,
1477 201 1563 239 1116

186 268 473 318 Pompeianum
505 282 584 307 non
619 269 755 307 abdidi
788 269 915 319 primo
950 268 1250 318 tempestatibus
1285 267 1429 316 quibus
1464 266 1517 303 nil

185 333 370 379 taetrius3
401 333 545 372 deinde
574 335 624 371 ab
655 334 874 373 Octaviano
902 333 1046 372 cotidie
1074 333 1223 371 litterae
1250 340 1292 370 ut
1318 331 1518 381 negotium

185 397 437 446 susciperem,
467 399 645 448 Capuam
676 398 863 446 venirem,
884 398 1024 436 iterum
1055 411 1135 435 rem
1166 397 1365 447 publicam
1397 410 1519 434 serva-

145 472 163 504 5
184 475 276 508 rem,
302 464 472 500 Romam
494 463 629 513 utique
650 463 792 501 statim.

373 528 553 566 Αἴδεσθεν
580 530 647 578 μὲν
676 529 880 578 ἀνήνασθαι
909 529 1035 566 δεῖσαν
1064 528 1095 566 δ’
1124 527 1334 578 ὑποδέχθαι.

186 593 225 629 Is
257 599 389 630 tamen
421 592 498 641 egit
530 606 624 631 sane
656 601 812 631 strenue
846 601 884 631 et
915 593 1002 642 agit.
1064 594 1235 630 Romam
1269 591 1397 629 veniet
1427 604 1518 628 cum

185 669 304 694 manu
335 670 490 706 magna,
511 658 580 696 sed
610 665 667 695 est
698 659 813 707 plane
847 671 952 707 puer.
1013 659 1129 695 Putat
1164 664 1343 695 senatum
1375 656 1515 693 statim.

186 721 286 769 Quis
325 722 486 760 veniet?
561 722 601 760 Si
647 722 805 768 venerit,
847 722 933 772 quis
982 721 1139 760 incertis
1184 722 1299 759 rebus
1345 721 1518 758 offendet

128 796 167 820 10
186 785 437 824 Antonium?
493 788 580 824 Kal.
606 788 759 825 Ianuar.
779 786 849 825 erit
870 788 1032 824 fortasse
1053 785 1248 836 praesidio
1268 793 1335 823 aut
1356 785 1517 834 quidem

185 858 276 888 ante
322 851 622 901 depugnabitur.
684 854 811 890 Puero
850 851 1064 900 municipia
1103 851 1199 889 mire
1238 852 1379 888 favent.
1441 851 1519 887 Iter

185 915 291 953 enim
313 915 460 953 faciens
481 915 521 953 in
543 916 748 954 Samnium
770 916 875 954 venit
897 917 1022 962 Cales,
1047 915 1189 953 mansit
1216 915 1352 953 Teani.
1414 913 1520 951 Miri-

185 981 258 1018 fica
293 982 500 1030 ἀπάντησις
532 989 569 1019 et
603 981 834 1020 cohortatio.
896 982 989 1019 Hoc
1022 988 1062 1018 tu
1094 982 1282 1030 putares?
1340 980 1405 1018 Ob
1443 980 1519 1017 hoe

185 1058 258 1093 ego
298 1045 411 1083 citius
453 1048 624 1084 Romam
664 1060 782 1096 quam
823 1045 1112 1084 constitueram.
1192 1045 1315 1084 Simul
1354 1052 1391 1082 et
1430 1057 1521 1082 con-

128 1121 165 1153 15
186 1110 348 1148 stituero
379 1111 557 1149 scribam.

241 1175 325 1213 Etsi
346 1177 525 1215 nondum
548 1177 818 1227 stipulationes
838 1178 1007 1226 legeram
1033 1176 1123 1226 (nec
1150 1175 1256 1214 enim
1285 1177 1383 1213 Eros
1407 1187 1520 1212 vene·
1537 1181 1562 1220 7

185 1241 271 1291 rat),
304 1249 436 1280 tamen
475 1256 556 1280 rem
596 1242 720 1292 pridie
756 1243 852 1280 Idus
891 1241 1007 1279 velim
1047 1240 1243 1279 conficias.
1322 1240 1520 1290 Epistulas

186 1306 383 1351 Catinam,
432 1307 756 1355 Tauromenium,
805 1309 1012 1357 Syracusas
1065 1305 1315 1344 commodius
1369 1301 1521 1343 mittere

186 1380 323 1420 potero
355 1372 384 1410 si
426 1373 604 1411 Valerius
644 1372 833 1422 interpres
871 1373 922 1410 ad
961 1385 1024 1410 me
1064 1371 1226 1409 nomina
1263 1370 1520 1421 gratiosorum

127 1451 167 1473 20
186 1437 390 1487 scripserit.
451 1438 530 1476 Alii
565 1438 670 1476 enim
703 1445 794 1476 sunt
827 1437 932 1483 alias,
967 1436 1169 1486 nostrique
1203 1436 1411 1474 familiares
1443 1437 1521 1473 fere

185 1501 392 1539 demortui.
455 1502 617 1541 Publice
639 1510 771 1541 tamen
793 1501 939 1552 scripsi,
964 1501 994 1539 si
1016 1501 1071 1539 uti
1096 1503 1211 1540 vellet
1238 1501 1293 1540 eis
1314 1500 1493 1539 Valerius
1512 1515 1521 1548 3

184 1574 251 1603 aut
273 1566 368 1604 mihi
390 1567 552 1605 nomina
573 1567 752 1605 mitteret.

242 1632 302 1669 De
338 1631 565 1681 Lepidianis
598 1632 700 1670 feriis
733 1632 880 1670 Balbus
911 1632 962 1669 ad
1003 1644 1066 1669 me
1100 1644 1226 1680 usque
1259 1631 1310 1669 ad
1345 1643 1390 1668 111
1428 1632 1516 1669 Kal.
1540 1634 1563 1670 8

187 1696 436 1745 Exspectabo
466 1704 552 1735 tuas
582 1697 728 1735 litteras
758 1710 901 1746 meque
930 1698 974 1734 de
1003 1695 1193 1745 Torquati
1224 1695 1422 1746 negotiolo
1453 1696 1522 1734 sci-

126 1772 166 1804 25
186 1767 316 1798 turum
349 1770 455 1811 puto.
534 1762 673 1811 Quinti
712 1762 856 1801 litteras
891 1763 941 1800 ad
974 1769 1011 1800 te
1051 1761 1138 1799 misi
1170 1768 1213 1799 ut
1247 1761 1363 1799 scires
1403 1775 1521 1811 quam

186 1827 300 1864 valde
321 1840 411 1865 eum
433 1835 579 1865 amaret
607 1841 725 1877 quem
754 1828 861 1866 dolet
888 1840 911 1864 a
940 1834 977 1865 te
1004 1826 1134 1864 minus
1162 1826 1293 1864 amari.
1354 1826 1519 1873 Atticae,

185 1891 385 1940 quoniam,
420 1893 528 1942 quod
560 1892 753 1942 optimum
789 1892 828 1930 in
861 1891 990 1941 pueris
1023 1899 1091 1939 est,
1123 1891 1287 1929 hilarula
1321 1899 1390 1939 est,
1425 1891 1521 1930 meis

184 1955 313 1994 verbis
334 1956 512 1995 suavium
534 1958 603 1995 des
624 1958 724 1995 volo.

232 2064 324 2099 XII
458 2067 527 2099 Ser.
546 2068 579 2097 in
597 2067 777 2098 Puteolano
793 2068 847 2098 viic
863 2067 913 2098 Id.
935 2067 1016 2097 Nov.
1038 2078 1068 2098 a.
1091 2077 1147 2107 710
1166 2067 1251 2108 (44).

127 2150 170 2182 30
604 2144 773 2175 CICERO
796 2143 977 2174 ATTICO
1000 2143 1108 2175 SAL.

242 2215 348 2266 Oppi
369 2215 568 2266 epistulae,
593 2216 684 2266 quia
705 2217 949 2266 perhumana
970 2224 1063 2263 erat,
1085 2216 1154 2254 tibi
1176 2216 1262 2255 misi
1284 2218 1518 2267 exemplum.

189 2280 251 2318 De
271 2281 419 2328 Ocella,
443 2282 538 2319 dum
566 2288 608 2318 tu
639 2280 849 2330 muginaris
871 2294 944 2318 nec
972 2280 1068 2318 mihi
1096 2281 1307 2330 quicquam
1329 2282 1518 2329 rescribis,

269 2393 307 2423 14
331 2389 365 2414 et
381 2383 482 2425 codd„
502 2384 539 2423 cf.
559 2394 591 2415 Χ.
609 2395 638 2424 4.
658 2394 717 2414 12:
743 2394 781 2414 ac
798 2383 900 2414 Rom.
1043 2394 1085 2423 24
1110 2384 1151 2414 de
1164 2383 1240 2415 add.
1257 2383 1286 2414 L
1306 2387 1447 2427 (matg.)
