1742 2651
119 820 155 840 10

110 1796 147 1827 25

106 2184 146 2214 30

589 111 701 147 ΕΡΡ.
736 112 812 147 AI)
844 110 1103 149 ATTICVM
1419 111 1527 148 XIV.
1552 110 1659 147 xviii

178 236 266 261 aere
286 222 416 261 alieno
438 221 576 260 Faberi
607 235 726 259 manu
757 220 926 259 liberarit
956 228 993 258 et
1021 234 1138 270 opem
1166 220 1216 258 ab
1238 221 1326 270 Ope
1347 220 1509 270 petierit.

180 287 289 325 Licet
310 287 415 325 enim
437 286 566 333 iocari,
591 301 640 325 ne
668 300 731 324 me
752 287 865 324 valde
892 286 1170 323 conturbatum
1196 293 1320 335 putes.
1380 288 1513 335 Atque

178 366 250 401 ego
276 353 327 390 ad
355 366 445 391 eum
467 364 540 389 VIII
568 353 664 389 Idus
694 351 839 389 litteras
870 351 1056 389 dederam
1086 351 1189 388 bene
1219 364 1345 396 mane,
1370 352 1510 388 eodem

176 424 308 456 autem
340 418 404 455 die
436 425 521 455 tuas
561 417 706 455 litteras
737 416 887 466 vesperi
926 429 1155 465 acceperam
1194 415 1234 452 in
1267 415 1512 466 Pompeiano

176 495 270 520 sane
298 482 474 520 celeriter
503 482 617 520 tertio
646 483 716 519 abs
748 490 784 520 te
815 482 888 520 die.
950 483 1038 528 Sed,
1062 489 1103 518 ut
1130 482 1180 519 ad
1209 488 1246 519 te
1273 494 1320 518 eo
1341 480 1427 531 ipso
1447 481 1511 518 die

176 547 416 597 scripseram,
458 547 549 585 satis
591 549 787 585 aculeatas
826 549 876 585 ad
919 547 1167 584 Dolabellam
1207 546 1351 584 litteras
1390 546 1512 593 dedi3

175 626 275 661 quae
303 612 333 650 si
363 612 460 650 nihil
485 612 734 662 profecerint,
759 620 854 662 puto
882 613 963 649 fore
993 619 1034 649 ut
1062 625 1125 649 me
1155 619 1400 661 praesentem
1428 625 1509 649 non

175 677 373 715 sustineat.

229 741 443 779 Albianum
465 750 502 780 te
523 743 740 781 confecisse
760 742 933 780 arbitror.
996 744 1057 779 De
1078 742 1308 779 Patulciano
1332 741 1504 786 nomine,
1526 752 1550 780 2

174 807 283 855 quod
322 806 418 844 mihi
451 807 753 857 *tsuspendiatus
792 811 884 852 est†‚
918 806 1179 856 gratissimum
1214 814 1271 844 est
1306 814 1343 844 et
1382 806 1508 844 simile

174 879 330 908 tuorum
369 872 559 910 omnium.
635 873 712 910 Sed
752 885 824 921 ego
864 873 1023 909 Erotem
1063 872 1113 908 ad
1153 871 1226 908 ista
1263 870 1509 920 expedienda

172 937 318 974 factum
341 936 436 973 mihi
457 936 619 975 videbar
639 937 865 986 reliquisse:
894 936 1003 973 cuius
1025 949 1106 972 non
1126 936 1210 973 sine
1231 950 1373 986 magna
1393 938 1509 986 culpa

172 1000 411 1038 vacillarunt.
472 1003 549 1039 Sed
571 1015 662 1039 cum
684 1001 768 1050 ipso
790 1001 934 1038 videro.

229 1067 290 1103 De
322 1067 530 1112 Montano,
568 1073 609 1103 ut
643 1079 760 1115 saepe
793 1066 844 1103 ad
878 1073 916 1103 te
949 1065 1095 1114 scripsi,
1130 1065 1201 1103 erit
1232 1065 1302 1103 tibi
1334 1074 1415 1103 tota
1447 1080 1506 1104 res
1526 1076 1549 1112 3

171 1144 298 1169 curae.
349 1130 503 1169 Servius
524 1131 777 1181 proficiscens
797 1131 906 1179 quod
927 1131 1179 1180 desperanter
1199 1139 1330 1168 tecum
1352 1133 1506 1169 locutus

171 1203 230 1234 est
254 1195 417 1233 minime
445 1195 562 1234 miror
591 1209 720 1245 neque
749 1195 785 1233 ei
815 1195 1027 1244 quicquam
1054 1195 1095 1232 in
1121 1196 1394 1245 desperatione
1416 1211 1505 1235 con-

171 1262 282 1299 cedo.
343 1262 486 1298 Brutus
515 1268 658 1306 noster,
681 1260 884 1310 singularis
911 1260 976 1305 vir,
1007 1260 1038 1298 si
1065 1260 1104 1298 in
1132 1269 1311 1298 senatum
1336 1276 1416 1299 non
1447 1271 1504 1300 est
1523 1272 1549 1309 4

175 1327 261 1363 Kal.
286 1325 410 1363 Iuniis
430 1333 626 1372 venturus,
650 1326 746 1375 quid
771 1327 941 1363 facturus
969 1325 1017 1363 sit
1044 1325 1083 1363 in
1110 1327 1195 1364 foro
1221 1327 1366 1365 nescio.
1427 1329 1504 1366 Sed

172 1391 248 1428 hoc
268 1390 351 1440 ipse
372 1390 522 1428 melius.
583 1392 668 1440 Ego
688 1404 735 1428 ex
755 1390 800 1427 iis
821 1404 922 1440 quae
949 1390 1072 1440 parari
1093 1390 1209 1429 video
1234 1405 1314 1429 non
1337 1394 1503 1430 multum

112 1473 126 1492 2
172 1455 310 1493 Idibus
334 1455 485 1493 Martiis
506 1456 726 1505 profectum
747 1455 890 1493 iudico.
943 1457 1081 1505 Itaque
1102 1457 1152 1493 de
1174 1456 1338 1494 Graecia
1358 1457 1504 1495 cotidie

171 1519 291 1569 magis
321 1527 359 1557 et
390 1519 511 1570 magis
541 1519 681 1570 cogito.
742 1521 828 1557 Nec
853 1520 957 1558 enim
981 1522 1102 1558 Bruto
1133 1535 1221 1559 meo
1249 1522 1437 1569 exsilium,
1462 1530 1503 1561 ut

168 1584 301 1622 scribit
318 1584 411 1634 ipse,
430 1584 636 1622 meditanti
653 1585 769 1623 video
783 1585 878 1634 quid
895 1587 1081 1634 prodesse
1098 1587 1256 1635 possim.
1301 1587 1503 1626 Leonidae

170 1664 232 1688 me
252 1650 401 1688 litterae
422 1664 503 1688 non
524 1650 615 1688 satis
637 1651 891 1688 delectarunt.
936 1653 995 1688 De
1015 1652 1177 1689 Herode
1199 1652 1269 1690 tibi
1290 1653 1498 1691 adsentior.

169 1715 299 1754 Saufei
338 1715 476 1765 legisse
510 1717 661 1754 vellem.
723 1718 806 1766 Ego
839 1730 884 1754 ex
920 1716 1162 1766 Pompeiano
1199 1729 1237 1754 VI
1273 1719 1367 1756 Idus
1405 1718 1497 1756 Mai.

169 1780 402 1830 cogitabam.

211 1888 320 1922 XIX
446 1891 513 1922 Ser.
535 1893 568 1922 ιἰι
586 1893 788 1932 Pompeiano
811 1894 868 1923 111'1'1'
882 1894 928 1924 ld.
950 1893 1031 1924 Mai.
1053 1905 1109 1932 710
1129 1895 1212 1934 [44‘.

572 1971 747 2001 CICERO
779 1971 953 2001 ATTICO
981 1971 1091 2010 SAL.

218 2042 344 2079 Nonis
368 2042 483 2080 Maiis
505 2056 595 2080 cum
617 2057 742 2080 essem
768 2043 806 2080 in
831 2044 1083 2093 Pompeiano,
1107 2045 1241 2094 accepi
1270 2045 1380 2083 binas
1408 2061 1429 2083 a
1457 2055 1493 2084 te
1513 2060 1529 2086 1

163 2105 318 2154 litteras,
354 2109 492 2145 alteras
533 2116 641 2145 sexto
676 2108 749 2154 die,
786 2110 924 2146 alteras
959 2118 1108 2158 quarto.
1179 2112 1243 2148 Ad
1277 2112 1494 2160 superiores

164 2170 277 2220 igitur
310 2171 425 2221 prius.
499 2174 627 2220 Quam
666 2173 760 2209 mihi
796 2172 1012 2211 iucundum
1048 2183 1268 2223 opportune
1301 2177 1370 2213 tibi
1407 2179 1495 2214 Bar-

210 2287 223 2305 1
251 2276 326 2315 Ope
352 2277 468 2306 Cobet:
494 2288 532 2306 eo
556 2277 641 2308 codd.
738 2288 775 2307 10
800 2279 1011 2316 suppetiatus
1043 2289 1080 2308 es
1106 2278 1379 2320 Montagnanus:
1415 2293 1493 2321 Sup-

164 2320 357 2359 peditavisti
390 2321 466 2350 coni.
506 2320 711 2360 ll}=,-.>cnbe›·g:
737 2323 1007 2351 succenturiatus
1033 2333 1069 2352 es
1094 2323 1234 2353 illz'c'ller:
1262 2330 1294 2354 tu
1322 2326 1494 2364 dispensa-

162 2364 237 2393 visti
256 2363 342 2393 Reid
474 2374 508 2393 11
538 2363 673 2394 Erotem
694 2364 742 2394 C:
767 2376 915 2395 errorem
936 2365 975 2393 ill
1106 2377 1146 2396 22
1171 2368 1283 2398 scribit
1304 2368 1493 2400 Corradus:

162 2406 282 2437 scribis
300 2406 341 2436 M

1344 2456 1408 2486 33*
