1742 2651
61 114 180 150 XIII.
206 112 282 147 xlii
574 110 629 145 M.
662 108 830 144 TVLLI
863 105 1170 145 CICERONIS

213 224 296 260 me'
327 221 453 271 inquit
487 221 560 258 ‘de
590 227 776 268 tempore,
801 216 989 267 quoniam
1018 230 1098 254 rem
1129 215 1279 265 probo.’
1339 217 1413 252 ‘At
1443 215 1539 264 ego'

212 287 374 337 inquam
409 289 575 324 ‘censeo
609 283 713 334 prius
744 296 863 332 quarn
895 280 1164 331 proficiscaris.
1224 282 1285 318 Ita
1319 279 1417 329 patri
1448 292 1541 328 quo-

170 366 194 393 2
214 366 291 402 que
321 365 469 389 morem
500 348 687 400 gesseris.'
747 346 949 385 ‘Faciam’
980 345 1107 396 inquit
1143 349 1207 383 ‘ut
1243 346 1403 383 censes)
1462 343 1542 382 Hic

214 417 392 467 dialogus
414 416 468 454 sic
489 416 699 453 conclusus
720 420 788 451 est.

172 489 197 525 3
270 483 348 520 Sed
370 483 466 519 heus
497 487 550 526 tu,
573 478 679 517 diem
701 490 834 515 meum
865 476 939 514 scis
969 489 1054 514 esse
1082 488 1126 513 111
1150 477 1287 514 Nonas
1319 474 1544 521 Ianuaria53
1565 491 1582 522 5

214 547 342 586 aderis
372 546 496 596 igitur.
556 543 794 594 Scripseram
825 541 927 580 iam:
962 555 1054 579 ecce
1084 540 1154 578 tibi
1184 548 1267 578 orat
1298 539 1472 589 Lepidus
1502 546 1544 576 ut

214 611 380 650 veniam.
441 609 593 660 Opinor
621 621 787 658 augures
816 608 915 645 velle
949 607 1094 644 habere
1128 606 1178 643 ad
1208 606 1399 654 templum
1430 605 1545 642 effan-

214 678 323 716 dum.
384 678 505 714 Eatur
520 690 530 723 3
557 676 609 725 μὴ
629 674 799 724 σκόρδου.
860 671 1096 710 Videbimus
1117 678 1154 709 te
1175 670 1298 719 igitur.

259 783 414 818 XLIII
460 785 528 817 Ser.
548 786 581 815 in
606 784 789 815 Tusculano
801 781 887 823 prid.
904 781 953 811 Id.
973 780 1083 818 Quint.
1104 791 1134 810 a.
1158 790 1216 819 709
1235 779 1315 819 (45).

630 860 802 893 CICERO
825 857 1006 889 ATTICO
1028 856 1131 888 SAL.
1569 868 1611 891 10

273 938 358 987 Ego
397 949 488 974 vero
527 942 612 973 utar
650 932 925 984 prorogatione
969 930 1058 977 diei,
1101 937 1222 979 tuque
1265 927 1547 966 humanissime

217 1001 341 1041 fecisti
374 1001 441 1050 qui
476 1014 539 1038 me
573 999 778 1038 certiorem
810 997 946 1036 feceris
980 1003 1098 1045 atque
1133 993 1187 1031 ita
1220 1000 1262 1030 ut
1293 1006 1341 1030 eo
1372 1000 1549 1042 tempore

218 1066 437 1116 acciperem
467 1065 612 1103 litteras
643 1078 724 1114 quo
744 1077 825 1102 non
852 1069 1119 1111 exspectarem
1150 1066 1272 1107 tuque
1301 1065 1343 1095 ut
1369 1058 1420 1095 ab
1447 1056 1549 1095 ludis

219 1132 419 1170 scriberes.
480 1132 579 1169 Sunt
600 1128 764 1167 omnino
793 1127 888 1165 mihi
910 1126 1105 1177 quaedam
1127 1124 1281 1174 agenda
1302 1124 1455 1160 Romae
1480 1122 1549 1160 sed

219 1207 508 1244 consequemur
529 1192 652 1230 biduo
672 1199 772 1241 post.
1575 1206 1611 1238 15

263 1339 410 1376 XLIV
455 1343 524 1374 δον.
546 1344 580 1372 1'11
602 1342 787 1373 Tusculano
803 1342 866 1373 xiii
881 1345 940 1372 aul
954 1342 1004 1372 ,rii
1019 1341 1061 1372 K.
1082 1341 1170 1372 Sext.
1189 1352 1218 1371 a.
1239 1350 1298 1380 709
1318 1340 1396 1381 (45).

629 1430 800 1461 CICERO
824 1430 1005 1461 ATTICO
1029 1430 1139 1462 SAL.

185 1535 202 1562 1
276 1524 312 1562 O
334 1522 462 1561 suavis
479 1529 564 1560 tuas
581 1521 725 1559 litteras
743 1524 749 1559 1
781 1521 868 1572 (etsi
890 1524 1031 1561 acerba
1052 1538 1209 1574 pompa.
1251 1526 1398 1562 Verum
1420 1530 1551 1561 tamen

222 1589 319 1627 scire
344 1588 478 1626 omnia
508 1601 588 1625 non
609 1587 795 1625 acerbum
826 1595 895 1634 est,
919 1590 979 1626 vel
1010 1590 1060 1627 de
1083 1589 1217 1639 Cotta)
1249 1591 1439 1639 populum
1461 1601 1552 1626 vero

222 1656 462 1705 praeclarum
485 1654 593 1703 quod
623 1661 781 1703 propter
802 1655 948 1691 malum
970 1655 1143 1693 vicinum
1174 1670 1223 1693 ne
1243 1654 1442 1693 Victoriae
1471 1653 1552 1703 qui·
1576 1666 1615 1687 20

222 1721 315 1758 dem
345 1718 540 1769 ploditur!
600 1720 743 1757 Brutus
773 1721 880 1770 apud
911 1734 974 1758 me
1004 1721 1099 1767 fuit3
1129 1720 1223 1770 quoi
1251 1719 1413 1770 quidem
1439 1719 1553 1756 valde

223 1784 404 1835 placebat
426 1798 488 1821 me
509 1783 658 1833 aliquid
678 1785 729 1822 ad
751 1786 972 1824 Caesarem.
1032 1786 1262 1823 Adnueram
1279 1800 1288 1833 3
1318 1785 1388 1822 sed
1408 1796 1555 1834 pompa

181 1861 207 1888 2
224 1851 403 1888 deterret.
462 1851 525 1886 Tu
547 1856 679 1887 tamen
699 1864 817 1888 ausus
839 1864 879 1888 es
900 1850 1067 1888 Varroni
1088 1852 1180 1888 dare
1198 1853 1204 1888 !
1242 1852 1437 1899 Exspecto
1458 1847 1554 1898 quid

224 1915 381 1954 iudicet.
442 1916 616 1963 Quando
636 1923 768 1953 autem
794 1917 990 1965 pelleget?
1048 1917 1109 1953 De
1130 1915 1262 1953 Attica
1288 1915 1423 1965 probo.
1485 1916 1556 1951 Est

269 2029 286 2058 7
311 2018 397 2049 velle
423 2019 559 2058 Tyrrcll:
596 2019 641 2049 nil
659 2019 771 2049 codd:
804 2019 873 2048 vult
899 2019 975 2050 coni.
1006 2020 1112 2050 Boot:
1144 2019 1253 2050 nullos
1271 2019 1348 2049 coni.
1370 2017 1559 2058 lls'csmherg

224 2063 393 2093 effandum
413 2063 595 2093 Beroaldus
610 2075 616 2093 ε
642 2063 820 2093 affiandum
838 2062 880 2091 M
991 2065 1010 2094 8
1036 2063 1077 2101 μὴ
1095 2063 1228 2103 σκόρδου
1241 2064 1294 2103 (sc.
1308 2062 1414 2102 φάγω)
1436 2061 1559 2101 Ὁνννεῖί

224 2106 292 2137 coll.
313 2106 469 2145 Gat'sford
483 2110 488 2121 ‘
500 2106 653 2137 Paroem.
671 2107 778 2137 Gracc.
794 2107 802 2118 ’
815 2111 847 2146 p.
871 2117 929 2144 144
947 2118 978 2137 n.
1000 2117 1064 2145 270
1081 2106 1131 2136 ἵνα
1147 2107 1190 2145 μὴ
1207 2105 1313 2146 φάγῃς
1329 2104 1461 2145 σκόροδα
1478 2104 1555 2144 μηδὲ

224 2150 370 2189 κυάμους’
397 2150 445 2180 ἐπὶ
468 2150 532 2180 τῶν
548 2151 655 2188 ἡσυχῆ
683 2149 803 2188 ζώντων
822 2162 828 2180 :
853 2153 1130 2180 MIACKOPAOT
1141 2151 1198 2181 M:
1225 2150 1296 2187 μυῖα
1307 2149 1441 2189 σκόρδου
1451 2148 1533 2179 Ellis
1550 2160 1558 2179 ι

224 2194 278 2231 μία
303 2193 456 2232 σκορόδου
482 2193 587 2233 (quod
606 2195 835 2234 intmywetatur
863 2195 870 2208 ‘
885 2205 953 2224 una
975 2199 1057 2234 pars
1082 2194 1188 2228 allz'i']
1215 2193 1265 2224 vel
1286 2191 1376 2231 ὁρμιὰ
1404 2192 1558 2230 σκορόδου

230 2238 398 2268 Turnebus
413 2249 419 2267 :
445 2236 565 2275 μίασμα
583 2237 671 2276 δρυός
690 2237 873 2268 Gronovius
1009 2247 1046 2276 15
1071 2242 1147 2276 post
1165 2237 1224 2268 M:
1250 2247 1353 2276 posco
1370 2236 1469 2267 ORP
1483 2236 1518 2275 (i.
1533 2246 1556 2265 e.

225 2286 303 2321 post
324 2282 366 2318 O,
390 2291 473 2320 quae
501 2282 668 2311 interfectio
689 2281 736 2311 ml
753 2284 935 2320 sequentem
956 2286 1000 2320 ep.
1024 2282 1169 2321 pcdinet,
1191 2281 1226 2320 cf
1251 2280 1426 2310 Lehmann
1449 2281 1457 2297 ‘
1471 2278 1556 2310 Art!

222 2330 254 2365 p.
273 2325 348 2363 138)
472 2335 510 2362 19
534 2325 635 2355 Cotta
654 2325 698 2355 C:
723 2330 818 2355 cocta
835 2324 917 2354 PR:
945 2328 1015 2354 tota
1033 2324 1073 2353 M
1202 2334 1243 2363 23
1267 2325 1415 2354 deterret
1434 2323 1478 2353 C:
1505 2333 1557 2352 me

227 2368 375 2398 deterret
387 2368 464 2397 soni.
479 2367 578 2398 Orelli
592 2380 598 2398 ε
616 2369 747 2398 videret
758 2368 799 2398 M
813 2378 819 2397 :
836 2368 934 2398 vides
945 2367 1031 2398 Reid
1045 2370 1135 2408 (cnm
1147 2370 1318 2407 pompam)
1387 2377 1427 2406 24
1454 2367 1558 2406 probe

228 2411 303 2441 Otto
320 2411 387 2442 coll.
406 2421 435 2442 v.
456 2422 485 2450 4.
507 2422 526 2440 2
