1742 2651
54 109 275 146 X111.x1v
573 110 628 147 M.
661 110 829 146 TVLLI
862 109 1169 147 CICERONIS

206 228 356 270 praeter
373 220 531 271 praedia
547 220 674 271 primo
690 235 850 270 quoque
865 228 1040 271 tempore
1058 219 1138 259 fieri
1155 228 1345 271 oportere.
1383 219 1536 259 Scribas

205 287 255 324 ad
289 300 351 324 me
381 285 497 324 velim
527 285 623 335 quid
659 285 729 324 tibi
764 287 926 336 placeat.
988 285 1185 335 Equidem
1215 286 1246 324 si
1276 300 1323 324 ex
1352 285 1537 323 omnibus

206 359 307 390 esset
341 351 581 401 eligendum,
617 364 690 389 nec
724 350 1013 400 diligentiorem
1047 364 1119 389 nec
1150 350 1425 389 officiosiorem
1463 364 1537 388 nec

206 430 268 454 me
298 417 456 455 hercule
487 415 609 453 nostri
639 415 916 454 studiosiorem
942 415 1055 454 facile
1083 415 1314 465 delegissem
1341 415 1535 462 Vestorio,

202 483 253 520 ad
275 495 394 531 quem
421 480 734 519 accuratissimas
762 480 907 518 litteras
932 480 1049 523 dedi;
1079 482 1188 530 quod
1208 480 1314 519 idem
1342 488 1379 518 te
1400 480 1537 518 secisse
1559 493 1575 524 5

203 546 378 585 arbitror.
440 545 542 583 Mihi
569 545 732 594 quidem
761 546 837 583 hoc
867 545 959 583 satis
980 544 1143 583 videtur.
1202 547 1265 583 Tu
1286 545 1381 595 quid
1408 544 1538 584 dicis?

204 613 339 648 Vnum
367 610 473 648 enim
503 609 641 660 pungit
672 624 721 648 ne
751 609 1060 660 neglegentiores
1088 623 1173 648 esse
1193 609 1406 649 videamur.
1466 612 1537 648 Ex-

205 676 394 727 spectabo
415 674 529 725 igitur
550 682 635 713 tuas
657 674 814 713 litteras.

247 820 396 857 XLVI
486 822 556 855 Ser.
577 823 610 853 ιἰι
633 821 819 853 Tusculano
829 821 915 863 prid.
934 822 984 854 Id.
1003 822 1088 854 Sext.
1109 833 1139 853 a.
1160 833 1218 863 709
1238 822 1317 863 (45).

616 910 792 942 CICERO
815 910 996 942 ATTICO
1020 910 1125 942 SAL.
1560 922 1597 944 10

172 1015 188 1041 1
262 1002 397 1039 Pollex
436 999 609 1050 quidem,
651 1007 693 1037 ut
731 999 879 1038 dixerat
918 1001 968 1038 ad
1010 1001 1105 1038 Idus
1145 999 1309 1046 Sextilis,
1351 999 1403 1038 ita
1443 999 1538 1037 mihi

208 1066 359 1104 Lanuvi
381 1065 505 1115 pridie
529 1066 624 1103 Idus
646 1073 801 1115 praesto
822 1065 904 1111 fuit,
923 1066 992 1103 sed
1013 1067 1129 1115 plane
1149 1066 1292 1114 pollex,
1307 1078 1387 1102 non
1408 1064 1536 1103 index.

165 1140 189 1166 2
209 1133 436 1181 Cognosces
467 1130 581 1181 igitur
610 1144 655 1168 ex
688 1130 784 1180 ipso.
846 1131 1014 1168 Balbum
1049 1130 1400 1180 conveni—Lepta
1433 1130 1539 1169 enim

207 1199 258 1236 de
279 1212 348 1235 sua
370 1210 577 1235 munerum
599 1196 801 1234 curatione
826 1197 1007 1234 laborans
1035 1210 1097 1234 me
1123 1198 1173 1234 ad
1195 1210 1285 1234 eum
1307 1198 1540 1246 perduxerat

208 1262 301 1300 --rin
322 1275 370 1300 eo
390 1269 522 1299 autem
545 1260 754 1299 Lanuvino
779 1262 887 1310 quod
910 1260 1063 1311 Lepido
1084 1260 1253 1299 tradidit.
1316 1263 1373 1298 Ex
1394 1275 1442 1299 eo
1463 1262 1539 1299 hoc
1564 1275 1598 1307 15

207 1327 388 1377 primum,
432 1327 582 1364 ‘Paulo
624 1333 716 1364 ante
756 1339 984 1375 acceperam
1029 1339 1094 1363 eas
1132 1325 1277 1364 litteras
1318 1325 1356 1363 in
1396 1326 1539 1376 quibus

208 1406 351 1443 magno
372 1406 490 1442 opere
511 1392 717 1429 confirmat
742 1398 833 1429 ante
854 1392 968 1429 ludos
997 1392 1226 1429 Romanos.'
1284 1391 1378 1441 Legi
1399 1391 1540 1441 epistu-

207 1459 295 1495 lam.
358 1458 486 1494 Multa
520 1457 570 1494 de
606 1470 695 1493 meo
730 1457 895 1502 Catone,
930 1469 1010 1505 quo
1041 1455 1268 1505 saepissime
1298 1458 1467 1506 legendo
1499 1470 1539 1494 se

206 1522 301 1561 dicit
329 1521 589 1571 copiosiorem
619 1522 777 1566 factum,
802 1519 910 1558 Bruti
933 1521 1086 1558 Catone
1113 1521 1216 1558 lecto
1244 1534 1286 1559 se
1313 1521 1387 1558 sibi
1412 1521 1538 1559 visum

163 1597 187 1634 3
207 1587 406 1626 disertum.
453 1588 550 1625 Tum
568 1600 614 1624 ex
635 1599 682 1623 eo
699 1584 864 1635 cognovi
886 1584 1101 1623 cretionem
1119 1585 1233 1625 Cluvi
1256 1585 1297 1637 (o
1313 1586 1537 1624 Vestorium
1560 1602 1598 1624 20

207 1654 480 1702 neglegentem
498 1655 522 1701 ἕ)
552 1651 714 1688 liberam
731 1649 945 1688 cretionem
964 1649 1129 1688 testibus
1149 1651 1420 1700 praesentibus
1436 1665 1540 1690 sexa-

205 1718 313 1767 ginta
332 1718 483 1756 diebus.
546 1717 776 1754 Metuebam
803 1730 852 1754 ne
874 1715 938 1754 ille
962 1718 1220 1755 arcessendus
1248 1725 1360 1755 esset.
1421 1718 1539 1755 Nune

206 1784 444 1822 mittendum
475 1790 533 1821 est
563 1790 605 1820 ut
636 1795 725 1820 meo
756 1781 861 1819 iussu
893 1789 1037 1819 cernat.
1099 1783 1212 1820 Idem
1246 1782 1360 1832 igitur
1392 1784 1536 1820 Pollex.

207 1849 336 1887 Etiam
368 1850 417 1887 de
447 1848 569 1887 hortis
591 1847 794 1887 Cluvianis
824 1847 884 1897 egi
916 1861 1005 1885 cum
1038 1849 1174 1886 Balbo.
1235 1848 1301 1886 Nil
1329 1848 1535 1886 liberalius,

205 1917 254 1953 Se
289 1914 393 1953 enim
427 1914 556 1952 statim
588 1915 639 1952 ad
670 1915 880 1952 Caesarem
912 1913 1161 1963 scripturum,
1192 1913 1375 1952 Cluvium
1404 1920 1536 1951 autem
1560 1929 1596 1961 25

203 1993 226 2016 a
257 1981 302 2017 T.
338 1978 573 2017 Hordeonio
602 1979 731 2029 legare
760 1986 798 2016 et
828 1978 1037 2016 Terentiae
1068 1980 1139 2017 HS
1171 1991 1260 2016 1333
1290 1986 1328 2017 et
1358 1980 1538 2028 sepulcro

252 2094 263 2113 1
292 2083 429 2122 praedia
455 2083 572 2113 ORP:
600 2083 742 2122 prandia
760 2087 786 2112 Δ
943 2093 974 2117 2,
993 2094 1011 2121 4
1025 2087 1230 2122 postremmn
1248 2093 1309 2113 nec
1327 2107 1334 2113 .
1355 2106 1361 2113 .
1383 2107 1390 2113 .
1411 2084 1537 2113 studio-

204 2128 325 2157 siorem
346 2127 444 2167 Crat,
464 2128 603 2165 itemque
620 2138 648 2157 v.
663 2138 685 2157 s.
710 2128 735 2157 L
753 2124 900 2165 (7110ng
921 2126 965 2156 Z'
985 2126 1054 2156 sed
1073 2127 1109 2156 ln·
1128 2127 1283 2156 omittunt
1302 2127 1513 2164 mehercule)
1531 2139 1537 2157 :

203 2181 269 2201 om.
294 2174 348 2201 ΣΔ
467 2181 501 2200 11
529 2171 571 2201 ad
592 2171 639 2201 Id.
661 2171 754 2201 Sext.
773 2170 833 2200 del.
851 2169 976 2200 Scln‘ztz
1097 2180 1134 2208 14
1160 2180 1335 2200 munerum
1357 2178 1411 2201 (cx
1426 2172 1536 2210 mun.)

204 2215 379 2245 curatione
396 2213 549 2244 Schmidt
565 2215 631 2245 coll.
656 2215 752 2244 Fam.
771 2214 813 2244 vi.
837 2223 886 2252 19.
906 2224 925 2242 2
942 2225 948 2242 :
985 2214 1052 2243 viin
1077 2214 1250 2243 curatione
1269 2213 1325 2244 M:
1351 2213 1419 2243 vini
1443 2224 1537 2244 cura-

203 2259 295 2288 tione
312 2268 340 2288 v.
357 2269 378 2288 c.
399 2257 522 2297 Ivnlg.
542 2269 548 2287 ι
574 2258 767 2296 ligur-itione
787 2256 973 2287 Gronovius
989 2258 1058 2287 coll.
1080 2257 1176 2287 Fam.
1198 2257 1242 2287 xi.
1265 2266 1315 2288 21.
1335 2266 1354 2294 5
1498 2267 1534 2297 17

203 2305 277 2331 ante
294 2302 468 2332 confirmat
486 2301 562 2331 add.
583 2312 619 2331 se
637 2305 660 2332 Σ
680 2301 765 2331 Crat.
940 2301 979 2330 18
1003 2312 1069 2339 quo
1087 2311 1115 2331 v.
1132 2312 1156 2332 c.
1170 2299 1199 2330 L
1214 2302 1355 2340 (marg.)
1375 2295 1423 2328 Zb
1439 2312 1444 2330 :
1470 2311 1536 2339 que

204 2344 260 2377 M:
286 2356 387 2384 quem
404 2345 585 2375 Ascensius
732 2355 774 2374 20
798 2344 883 2374 Tum
901 2343 978 2375 add.
1003 2344 1162 2374 Graevius
1307 2354 1359 2382 20,
1381 2354 1419 2374 21
1439 2344 1534 2374 Cluvi

203 2413 211 2420 .
233 2414 239 2419 .
257 2413 264 2420 .
286 2389 470 2419 cretionem
497 2388 585 2418 Crat.
614 2382 681 2419 Zb:
721 2398 776 2417 om
808 2391 862 2418 ΣΔ
1034 2398 1073 2425 24
1103 2387 1157 2417 Nil
1184 2386 1355 2418 liberalius
1387 2386 1535 2418 Lamb.:

205 2432 402 2463 illiberalius
418 2432 561 2462 CORP:
589 2431 760 2463 liberalius
779 2430 821 2460 M
