1742 2651
122 79 232 115 XVI.
257 78 317 114 xii
619 78 675 115 M.
707 78 875 115 TVLLI
908 77 1215 116 CICERONIS

244 185 331 234 cepi
365 185 573 223 consilium
613 185 876 224 domesticum
916 185 1048 235 itaque
1086 200 1149 224 me
1188 200 1241 236 pr.
1280 187 1376 224 Idus
1414 185 1578 224 arbitror

246 253 400 289 Romae
433 253 617 290 futurum.
678 251 940 291 Commodius
973 259 1030 289 est
1064 251 1190 289 visum
1223 253 1361 289 frustra
1396 265 1458 290 me
1492 251 1578 290 istic

243 331 338 363 esse,
362 331 452 355 cum
486 317 525 355 id
561 331 641 355 non
674 330 835 354 necesse
866 324 978 363 esset,
1008 330 1138 366 quam,
1162 316 1192 354 si
1223 330 1322 365 opus
1354 323 1469 363 esset)
1497 329 1576 354 non

242 383 392 427 adesse,
426 389 464 419 et
496 381 611 419 simul
646 395 696 419 ne
730 381 1010 419 intercluderer
1050 381 1285 418 metuebam.
1361 382 1433 419 Ille
1471 380 1577 419 enim

243 446 320 484 iam
355 447 567 484 adventare
601 453 741 495 potest.
803 445 887 483 Etsi
922 445 1015 483 varii
1047 459 1222 484 rumores
1254 445 1447 495 multique
1478 459 1578 495 quos

243 524 429 561 cuperem
469 524 591 557 veros,
634 510 731 548 nihil
771 518 903 548 tamen
943 509 1047 548 certi.
1120 511 1206 559 Ego
1244 524 1346 557 vero,
1389 510 1579 560 quicquid

244 584 313 622 est,
337 584 467 614 tecum
498 575 628 625 potius
658 589 776 625 quam
808 575 929 612 animi
962 576 1173 624 pendeam,
1193 589 1284 613 cum
1319 589 1341 613 a
1370 583 1408 613 te
1438 574 1577 622 absim,

244 648 282 679 et
303 641 354 678 de
374 647 412 677 te
433 647 470 678 et
492 641 542 677 de
563 653 636 677 me.
696 641 773 678 Sed
795 639 891 689 quid
913 639 983 678 tibi
1005 639 1165 678 dicam?
1210 642 1366 678 Bonum
1387 639 1577 678 animum.

246 707 308 743 De
328 705 592 756 Ἡρακλειδείῳ
613 704 801 742 Varronis
830 703 987 754 negotia
1016 705 1126 742 salsa.
1189 706 1258 742 Me
1289 704 1451 753 quidem
1481 704 1578 742 nihil

244 783 435 820 umquam
456 769 511 808 sic
532 769 751 808 delectavit.
812 771 890 808 Sed
912 771 1009 807 haec
1030 777 1068 807 et
1088 769 1163 807 alia
1184 768 1331 808 maiora
1352 782 1495 808 coram.

286 879 402 914 XIII
422 882 473 922 (a)
578 881 648 912 Scr.
668 880 800 920 Aquini
812 881 843 911 iv
859 880 908 912 Id.
926 879 1007 911 Nov.
1026 891 1057 911 a.
1081 891 1138 920 710
1156 881 1242 921 (44).

653 958 825 989 CICERO
856 957 1037 989 ATTICO
1067 957 1176 990 SAL.

297 1032 333 1070 O
354 1044 489 1069 casum
515 1029 723 1068 mirificum
745 1033 750 1068 !
782 1043 805 1066 v
829 1031 924 1068 Idus
952 1044 1042 1068 cum
1070 1038 1162 1068 ante
1192 1032 1320 1068 lucem
1348 1031 1399 1068 de
1426 1029 1581 1068 Sinues-

244 1109 340 1133 sano
362 1095 612 1133 surrexissem
634 1095 910 1145 venissemque
931 1095 1106 1133 diluculo
1131 1097 1182 1134 ad
1208 1103 1371 1145 pontem
1388 1094 1579 1133 Tirenum

244 1161 311 1211 qui
332 1169 391 1199 est
412 1160 647 1207 Menturnis,
670 1160 709 1198 in
731 1174 811 1210 quo
832 1162 953 1199 flexus
975 1168 1032 1199 est
1052 1162 1103 1199 ad
1125 1161 1196 1199 iter
1216 1160 1396 1211 Arpinas,
1419 1160 1577 1199 obviam

245 1225 340 1263 mihi
371 1227 412 1264 fit
442 1225 678 1273 tabellarius,
709 1225 775 1274 qui
807 1239 869 1263 me
899 1225 1063 1264 offendit
1096 1226 1272 1278 (δολιχὸν
1305 1228 1424 1265 πλόον
1454 1228 1579 1277 ὁρμαί-

243 1292 376 1330 νοντα.’
432 1293 485 1329 At
515 1304 588 1340 ego
618 1290 748 1328 statim
772 1292 932 1330 ‘Cedo'
953 1291 1115 1341 inquam
1140 1291 1191 1329 ‘si
1222 1292 1317 1342 quid
1344 1293 1395 1330 ab
1420 1292 1579 1332 Attico.'

244 1358 436 1395 Nondum
471 1358 599 1405 legere
633 1363 885 1405 poteramus:
925 1370 1015 1394 nam
1050 1364 1088 1394 et
1122 1357 1271 1395 lumina
1305 1358 1578 1397 dimiseramus

243 1436 316 1460 nec
337 1422 429 1460 satis
450 1422 616 1460 lucebat.
677 1422 780 1461 Cum
801 1429 932 1459 autem
954 1423 1110 1469 luceret,
1133 1430 1225 1461 ante
1246 1423 1389 1473 scripta
1413 1424 1580 1474 epistula

243 1502 289 1526 ex
321 1488 475 1526 duabus
507 1487 584 1525 tuis
618 1486 723 1537 prior
754 1486 849 1524 mihi
870 1487 944 1536 legi
979 1495 1120 1537 coepta
1158 1496 1226 1526 est.
1288 1491 1359 1528 Illa
1399 1490 1578 1528 omnium

244 1554 405 1604 quidem
440 1552 738 1602 elegantissima.
799 1554 861 1590 Ne
893 1552 967 1590 sim
999 1555 1127 1591 salvus
1161 1553 1192 1591 si
1226 1554 1336 1593 aliter
1367 1555 1496 1594 scribo
1533 1570 1580 1594 ac

245 1618 383 1657 sentio.
444 1618 553 1656 Nihil
587 1617 661 1668 legi
693 1617 915 1655 humanius.
976 1619 1116 1668 Itaque
1150 1619 1305 1657 veniam
1341 1634 1420 1670 quo
1449 1635 1578 1667 vocas,

248 1685 370 1722 modo
389 1683 568 1722 adiutore
589 1691 637 1722 te.
697 1684 775 1721 Sed
796 1683 893 1721 nihil
914 1691 994 1722 tam
1022 1686 1317 1734 ἀπροσδιόνυσον
1338 1686 1432 1724 mihi
1454 1687 1580 1736 primo

247 1749 453 1787 videbatur
483 1761 601 1798 quam
631 1748 681 1786 ad
712 1761 777 1785 eas
807 1748 952 1787 litteras
985 1749 1128 1799 quibus
1159 1764 1232 1800 ego
1258 1764 1280 1788 a
1305 1758 1342 1789 te
1372 1751 1580 1789 consilium

203 1815 434 1865 2petieram
474 1822 511 1852 te
551 1813 647 1851 mihi
686 1813 757 1851 ista
796 1815 1016 1854 rescribere.
1089 1818 1194 1854 Ecce
1233 1816 1303 1855 tibi
1341 1819 1462 1855 altera
1503 1831 1581 1867 qua
1625 1834 1639 1865 g

247 1880 410 1918 hortaris
433 1879 539 1929 ‘vap’
558 1880 759 1929 ἠνεμόεντα
786 1881 975 1931 Μίμαντα,
997 1882 1113 1931 νήσου
1140 1883 1200 1920 ἐπὶ
1228 1883 1388 1933 Ψυρίης,’
1408 1882 1580 1932 Appiam

246 1945 394 1983 scilicet
427 1946 504 1982 ίἐπ’
535 1946 696 1995 ἀριστέρ’
719 1946 874 1997 ἔχοντα.’
932 1948 1073 1996 Itaque
1103 1961 1150 1986 eo
1180 1947 1244 1985 die
1273 1947 1397 1986 mansi
1419 1946 1578 1996 Aquini.

248 2011 470 2058 Longulum
485 2024 579 2049 sane
596 2010 667 2048 iter
680 2018 718 2049 et
732 2010 793 2049 via
811 2013 921 2049 mala.
976 2012 1078 2050 Inde
1094 2012 1284 2061 postridie
1301 2026 1416 2050 mane
1430 2011 1581 2061 profici-

247 2089 359 2113 scens
380 2076 449 2113 has
471 2076 615 2114 litteras
637 2076 740 2114 dedi.

295 2189 332 2218 13
348 2179 427 2217 sort.
443 2180 484 2209 de
502 2180 712 2210 Sinuessano
730 2179 1015 2220 transponendum
1029 2184 1102 2221 post
1117 2181 1265 2212 diluculo
1358 2191 1395 2219 14
1420 2181 1581 2211 Tirenum

248 2233 312 2254 υτ.
347 2221 464 2252 EO¹R
497 2223 568 2257 <sed
596 2225 623 2253 1's
655 2226 829 2261 tyrenum)
863 2220 902 2252 Ζ1
934 2223 1049 2254 codices
1079 2224 1166 2259 Bosi,
1200 2225 1238 2263 esf.
1268 2224 1444 2254 Lehmann
1476 2224 1581 2256 ‘Att.'

246 2272 278 2306 p.
316 2276 398 2305 140:
432 2266 595 2297 Tiretium
630 2267 669 2296 M
819 2277 855 2305 15
891 2267 1086 2299 Menturnis
1117 2268 1234 2299 codd:
1278 2268 1382 2298 Mint-
1411 2268 1512 2308 vulg„
1539 2269 1577 2306 cf.

253 2320 300 2341 10.
324 2320 335 2339 1
472 2320 511 2349 27
537 2310 666 2341 scilicet
684 2310 757 2341 M'2:
784 2322 852 2341 om.
874 2310 924 2339 M¹
1061 2313 1103 2341 28
1129 2313 1213 2342 mala
1240 2311 1408 2342 Turnebus
1427 2311 1581 2352 Popma:

250 2354 341 2384 inata
359 2352 420 2384 M:
446 2359 534 2384 mata
551 2347 605 2384 ΖΜ
622 2365 629 2385 :
654 2354 823 2385 madidata
839 2355 920 2386 coni.
937 2352 1056 2386 Lamb.
1071 2367 1077 2385 ε
1103 2355 1177 2385 avia
1194 2354 1304 2384 Moser

1601 788 1640 809 10

1601 1177 1639 1209 15

1601 1503 1641 1525 20
