1742 2651
125 560 142 590 5

105 887 143 909 10

571 112 683 149 ΕΡΡ.
715 113 793 148 AD
823 112 1082 150 ATTICVM
1408 112 1494 149 XV.
1514 110 1590 148 xiii

207 253 324 289 XIII
434 254 503 288 Scr.
524 256 557 287 in
575 256 755 287 Puteolano
773 257 828 287 viis
842 257 884 288 K.
905 256 986 287 Nov.
1006 267 1035 287 a.
1058 266 1114 296 710
1132 256 1221 298 (44).

570 339 743 370 CICERO
774 340 806 368 Α
817 339 954 370 TTJCO
984 339 1088 372 SAL.

218 429 292 454 vm
317 418 404 454 Kal.
428 418 527 455 duas
552 430 575 454 a
601 424 639 454 te
665 416 800 467 accepi
821 417 1017 467 epistulas.
1079 417 1351 466 Respondebo
1381 416 1496 467 igitur
1515 427 1532 454 1

164 481 281 530 priori
312 482 428 531 prius.
489 482 704 520 Adsentior
724 482 795 520 tibi
817 491 858 520 ut
880 496 952 520 nec
974 484 1095 520 duces
1117 482 1238 520 simus
1261 496 1333 520 nec
1354 495 1496 532 agmen

163 560 362 595 cogamus,
403 548 602 584 faveamus
643 555 785 584 tamen.
847 547 1078 585 Orationem
1117 547 1187 584 tibi
1227 547 1324 584 misi.
1400 547 1496 584 Eius

164 611 447 648 custodiendae
477 619 515 648 et
544 612 802 660 proferendae
822 611 1023 648 arbitrium
1046 619 1168 649 tuum.
1228 613 1307 650 Sed
1334 613 1496 660 quando

164 676 273 713 illum
294 676 400 714 diem
422 689 513 713 cum
535 684 576 713 tu
598 677 794 714 edendam
817 678 963 725 putes?
1021 675 1199 713 Indutias
1231 689 1328 725 quas
1358 676 1494 713 scribis
1514 687 1538 714 2

164 754 244 778 non
266 740 449 789 intellego
475 740 555 778 fieri
583 754 709 790 posse.
771 740 914 778 Melior
934 749 992 779 est
1013 742 1314 790 ἀναντιφωνησία
1334 754 1412 790 qua
1433 754 1496 779 me

163 819 324 843 usurum
356 804 529 843 arbitror.
591 806 711 853 Quod
745 805 880 843 scribis
910 806 1083 856 legiones
1111 807 1208 844 duas
1240 805 1495 844 Brundisium

163 870 326 917 venisse,
350 883 419 907 vos
440 869 573 908 onmia
594 869 710 920 prius.
769 871 923 908 Scribes
954 871 1067 920 igitur
1096 871 1286 920 quicquid
1313 870 1493 909 audieris.

164 935 350 973 Varronis
381 935 557 987 διάλογον
583 942 778 984 exspecto.
831 937 915 973 Iam
937 936 1062 985 probo
1082 935 1367 986 Ἡρακλείδειον,
1391 949 1497 985 prae·
1515 941 1540 979 3

164 1001 294 1038 sertim
327 1013 417 1038 cum
448 1008 489 1037 tu
517 1008 626 1037 tanto
651 1013 769 1049 opere
790 1001 984 1038 delectere
1000 1016 1009 1048 3
1038 1002 1107 1039 sed
1129 1003 1244 1050 quale
1265 1001 1360 1040 velis
1380 1000 1497 1038 velim

164 1067 271 1105 scire.
334 1067 455 1115 Quod
476 1067 527 1104 ad
549 1074 586 1103 te
607 1074 723 1103 antea
743 1074 862 1115 atque
883 1067 984 1104 adeo
1014 1066 1120 1116 prius
1141 1066 1276 1117 scripsi
1300 1066 1371 1111 (ssic
1392 1065 1498 1104 enim

166 1132 316 1183 mavis),
340 1134 391 1170 ad
413 1132 666 1170 scribendum
688 1132 783 1172 †tibi
804 1146 893 1170 vere
923 1132 1077 1170 dicere†
1100 1132 1226 1170 fecisti
1252 1146 1314 1170 me
1341 1131 1498 1170 alacrio-

127 1212 258 1244 5rem.
332 1199 396 1236 Ad
436 1205 547 1235 tuum
588 1197 694 1235 enim
736 1197 924 1235 iudicium
964 1198 1073 1246 quod
1113 1197 1209 1234 mihi
1244 1205 1325 1235 erat
1359 1205 1498 1235 notum

163 1262 351 1301 addidisti
384 1262 579 1300 Peducaei
610 1262 882 1300 auctoritatem
905 1275 1087 1312 magnam
1115 1262 1277 1312 quidem
1306 1263 1413 1312 apud
1444 1275 1500 1299 me

164 1337 202 1367 et
232 1329 271 1366 in
301 1328 435 1379 primis
466 1342 633 1378 gravem.
697 1329 832 1366 Enitar
863 1328 976 1378 igitur
1000 1342 1050 1366 ne
1080 1328 1279 1367 desideres
1300 1336 1367 1366 aut
1389 1328 1500 1366 indu-

164 1394 296 1432 striam
336 1407 465 1431 meam
504 1402 571 1431 aut
610 1393 864 1442 diligentiam.
924 1393 1164 1440 Vettienum‚
1202 1402 1243 1432 ut
1282 1393 1427 1439 scribis,
1461 1400 1499 1431 et

166 1459 374 1497 Faberium
403 1461 528 1497 foveo.
589 1458 777 1497 Clodium
808 1458 904 1496 nihil
931 1458 1094 1496 arbitror
1119 1459 1311 1497 malitiose
1327 1474 1336 1506 3
1366 1472 1499 1508 quam-

107 1541 120 1561 2
165 1526 411 1574 quam—sed
442 1526 551 1574 quod
582 1524 712 1574 egerit.
776 1526 836 1562 De
858 1524 1035 1562 libertate
1055 1524 1272 1571 retinenda,
1296 1537 1373 1574 qua
1394 1532 1499 1562 certe

165 1590 261 1627 nihil
286 1598 344 1628 est
364 1590 528 1637 dulcius,
554 1590 624 1628 tibi
649 1589 858 1627 adsentior.
923 1590 1036 1626 Itane
1067 1590 1181 1627 Gallo
1210 1589 1411 1628 Caninio?
1464 1590 1499 1627 O

164 1655 367 1693 hominem
407 1659 605 1705 nequam!
654 1655 751 1704 quid
791 1654 895 1693 enim
940 1654 1069 1691 dicam
1109 1654 1248 1692 aliud?
1323 1655 1495 1694 Cautum

166 1721 423 1758 Marcellum!
456 1734 518 1758 me
548 1720 613 1767 sic,
648 1721 718 1758 sed
750 1733 829 1758 non
861 1727 992 1757 tamen
1021 1719 1302 1757 cautissimum.

219 1785 405 1835 Longiori
426 1785 616 1835 epistulae
639 1785 907 1835 superiorique
934 1783 1130 1834 respondi.
1189 1786 1308 1823 Nunc
1330 1785 1495 1823 breviori
1514 1795 1540 1832 4

164 1851 416 1900 propiorique
436 1851 533 1900 quid
563 1852 824 1901 respondeam
847 1849 920 1887 nisi
942 1863 1028 1887 eam
1051 1849 1169 1887 fuisse
1195 1850 1496 1888 dulcissimam?

165 1918 246 1954 Res
269 1916 555 1966 Hispanienses
576 1917 690 1954 valde
711 1917 851 1962 bonae,
877 1916 998 1953 modo
1023 1915 1231 1953 Balbilium
1255 1916 1495 1954 incolumem

164 1981 329 2027 videam,
357 1981 576 2019 subsidium
609 1990 764 2019 nostrae
799 1980 1023 2018 senectutis.
1085 1982 1147 2018 De
1171 1981 1358 2019 Anniano
1390 1982 1495 2029 item,

164 2048 271 2095 quod
321 2060 383 2084 me
432 2048 544 2084 valde
592 2047 773 2084 observat
812 2045 983 2083 Visellia.
1063 2046 1139 2083 Sed
1190 2047 1286 2084 haec
1335 2046 1496 2096 quidem

206 2151 227 2179 6
252 2150 295 2190 et]
313 2155 369 2180 aut
386 2151 465 2181 coni.
493 2149 616 2180 Mz'iller
701 2161 721 2189 9
747 2150 899 2189 legiones
920 2147 1015 2179 CRP
1028 2152 1057 2178 ct
1069 2149 1214 2187 sot-lasse
1233 2150 1284 2181 O:
1309 2151 1497 2190 legationes

164 2198 192 2223 Δ
343 2204 380 2233 14
406 2195 463 2225 tibi
492 2194 586 2233 (licet
613 2193 702 2224 enirn
731 2194 789 2224 tibi
818 2203 899 2223 vere
926 2192 1053 2230 dicere)
1083 2193 1280 2225 Lehmann:
1312 2195 1497 2225 tibi—vere

164 2237 277 2267 dicere
302 2236 701 2276 possum—[Vesenbm‘gz
733 2237 801 2271 tibi,
829 2247 908 2266 vere
935 2235 1050 2273 dicam,
1082 2234 1304 2276 Orellz'1s0rt.
1332 2239 1413 2269 libet
1438 2239 1498 2268 tibi

164 2290 244 2310 vere
262 2281 376 2311 dicere
530 2281 726 2311 alacriorem
752 2279 872 2312 Lantl).
894 2292 900 2310 :
925 2280 1088 2309 acriorem
1109 2280 1197 2311 codd.
1381 2284 1420 2312 16
1444 2293 1497 2313 me

164 2323 240 2354 add.
265 2325 352 2364 vulg.
478 2335 520 2355 20
544 2325 647 2365 quod]
676 2325 757 2363 quid
783 2325 884 2364 vulg..
909 2323 966 2353 scd
988 2323 1024 2362 cf.
1050 2324 1094 2354 vi.
1125 2325 1154 2354 6.
1181 2336 1201 2362 4
1335 2336 1373 2355 21
1402 2326 1499 2357 Gallo

165 2367 308 2397 Caninio
328 2367 495 2398 Corradus
513 2380 520 2398 ε
546 2368 642 2398 Gallo
660 2369 770 2398 animo
788 2368 827 2398 M
842 2378 847 2398 z
875 2367 910 2397 C.
926 2367 1042 2396 Annio
1062 2367 1096 2406 (i.
1115 2378 1144 2398 e.
1173 2368 1315 2400 Cimbro]
1331 2369 1494 2410 Huschke,

155 2410 238 2448 sort.
256 2415 330 2441 reste
419 2412 449 2441 O
467 2411 543 2442 add.
564 2411 657 2442 Man.
760 2422 810 2450 27,
833 2412 873 2440 28
898 2411 984 2440 idem
1003 2411 1092 2448 quod
1111 2416 1157 2441 tu.
1198 2412 1254 2441 Me
1271 2414 1349 2443 σοιτί.
1372 2413 1472 2444 Orelli
