1742 2651
96 105 207 142 XIV.

190 623 207 649 1

193 2125 210 2151 1

229 105 274 141 vi
594 106 648 142 M.
682 105 850 142 TVLLI
883 106 1191 144 CICERONIS

281 218 395 254 Haec
415 218 465 255 ad
483 224 520 255 te
541 217 675 267 scripsi
693 216 873 266 apposita
890 218 1064 255 secunda
1081 230 1218 256 mensa
1236 232 1245 265 3
1275 219 1385 268 plura
1400 225 1438 258 et
1454 222 1558 258 πολι-

225 282 400 332 τικώτερα
420 290 566 332 postea‚
590 289 627 320 et
650 289 689 319 tu
712 281 808 331 quid
828 294 919 330 agas
941 281 1116 331 quidque
1136 289 1282 332 agatur.

271 427 363 462 VII
496 430 566 460 δυ’.
588 429 622 459 ιἰι
639 429 819 459 Formiano
835 428 907 459 xvii
920 429 962 459 K.
982 429 1063 460 Mai.
1083 440 1113 460 a.
1137 440 1193 469 710
1216 430 1303 470 (44).

632 517 804 548 CICERO
836 517 1018 548 ATTICO
1047 517 1154 550 SAL.

283 608 475 647 Postridie
499 609 594 646 Idus
626 609 791 645 Paulum
825 606 986 646 Caietae
1010 607 1099 645 vidi.
1161 609 1200 646 Is
1224 609 1320 646 mihi
1351 609 1400 647 de
1432 610 1560 648 Mario

228 681 264 712 et
285 675 335 712 de
356 688 395 712 re
417 673 575 723 publica
595 673 790 722 quaedam
812 685 906 710 sane
926 673 1106 721 pessima.
1157 674 1193 710 A
1215 681 1251 711 te
1272 673 1419 713 scilicet
1439 674 1561 722 nihil,-

227 752 345 777 nemo
379 739 484 777 enim
520 751 710 776 meorum.
771 738 849 775 Sed
882 739 1046 775 Brutum
1077 745 1254 776 nostrum
1284 740 1404 777 audio
1433 739 1559 777 visum

227 805 301 842 sub
324 804 512 842 Lanuvio.
573 802 651 841 Vbi
673 804 833 841 tandem
856 810 914 841 est
935 804 1119 840 futurus?
1171 804 1275 840 Nam
1301 817 1390 841 cum
1412 804 1560 854 reliqua

230 877 313 907 tum
332 871 382 908 de
404 871 480 907 hoc
502 870 599 907 scire
620 881 717 906 aveo
739 867 882 906 onmia.
935 869 1020 917 Ego
1041 881 1062 905 e
1085 867 1296 906 Formiano
1317 868 1449 907 exiens
1470 881 1557 907 xvll

231 936 319 972 Kal.
344 942 385 972 ut
406 935 499 973 inde
519 936 641 972 altero
663 933 726 972 die
748 933 787 970 in
810 935 1072 971 Puteolanum
1094 933 1229 983 scripsi
1251 934 1358 971 haec.

284 1003 319 1038 A
341 1000 535 1039 Cicerone
557 998 652 1036 mihi
674 1000 824 1037 litterae
845 1012 939 1036 sane
960 999 1206 1048 πεπινωμέναι
1226 1005 1264 1036 et
1286 998 1386 1037 bene
1407 1000 1557 1049 longae.

229 1066 370 1104 Cetera
401 1072 533 1103 autem
566 1065 626 1102 vel
659 1063 751 1113 fingi
784 1070 963 1112 possunt,
989 1064 1093 1103 πίνος
1121 1063 1334 1101 litterarum
1368 1063 1560 1113 significat

227 1130 457 1169 doctiorem.
529 1131 648 1167 Nunc
681 1142 825 1178 magno
860 1141 977 1177 opere
1009 1142 1032 1166 a
1064 1136 1101 1166 te
1134 1136 1240 1178 peto,
1274 1129 1325 1167 de
1358 1142 1438 1179 quo
1473 1143 1559 1167 sum

227 1209 352 1246 nuper
373 1203 504 1234 tecum
534 1196 700 1240 locutus,
724 1201 766 1231 ut
787 1192 921 1232 videas
952 1207 1001 1232 ne
1026 1193 1122 1243 quid
1152 1193 1187 1232 ei
1218 1195 1329 1232 desit.
1391 1195 1439 1232 Id
1470 1208 1559 1233 cum

226 1263 276 1299 ad
307 1262 479 1299 officium
512 1267 689 1298 nostrum
718 1258 886 1308 pertinet
907 1266 991 1296 tum
1011 1260 1061 1297 ad
1084 1259 1414 1298 existimationem
1441 1267 1479 1298 et
1506 1260 1560 1299 di-

225 1327 414 1376 gnitatem
434 1341 441 1369 3
470 1326 578 1375 quod
609 1326 714 1363 idem
738 1323 908 1362 intellexi
939 1324 1009 1362 tibi
1030 1324 1163 1363 videri.
1223 1325 1401 1363 Omnino
1422 1326 1452 1363 si
1474 1339 1558 1375 ego,

227 1400 268 1430 ut
296 1394 397 1439 volo,
422 1404 557 1429 mense
580 1389 746 1439 Quintili
776 1390 815 1427 in
847 1390 1064 1437 Graeciam,
1088 1398 1179 1428 sunt
1209 1390 1343 1429 onmia
1364 1392 1560 1437 faciliora3

227 1459 295 1496 sed
328 1471 419 1495 cum
456 1458 532 1495 sint
564 1470 609 1494 ea
645 1464 822 1505 tempora
856 1463 897 1493 ut
933 1457 1024 1494 certi
1062 1457 1158 1494 nihil
1192 1470 1278 1495 esse
1308 1457 1430 1506 possit
1462 1459 1557 1506 quid

226 1524 437 1561 honestum
485 1522 579 1560 mihi
624 1523 682 1567 sit,
724 1522 819 1571 quid
863 1521 987 1567 liceat,
1030 1522 1126 1571 quid
1168 1522 1360 1573 expediat,
1397 1536 1555 1573 quaeso,

225 1589 276 1626 da
311 1601 470 1637 operam
511 1594 552 1624 ut
588 1587 696 1624 illum
736 1599 854 1636 quam
895 1586 1171 1626 honestissime
1209 1587 1558 1638 copiosissimeque

226 1661 415 1692 tueamur.

281 1720 395 1757 Haec
419 1726 457 1757 et
484 1726 612 1757 cetera
633 1731 733 1767 quae
754 1719 804 1755 ad
827 1731 898 1756 nos
926 1719 1189 1768 pertinebunt,
1213 1725 1255 1756 ut
1282 1720 1394 1765 soles,
1417 1718 1559 1769 cogita-

225 1784 285 1822 bis
314 1786 364 1822 ad
393 1797 535 1834 meque
555 1791 622 1821 aut
644 1784 752 1832 quod
776 1784 826 1821 ad
855 1797 935 1821 rem
964 1784 1155 1834 pertineat
1184 1791 1262 1831 aut,
1294 1783 1325 1822 si
1349 1783 1445 1822 nihil
1474 1784 1556 1830 erit,

227 1851 335 1900 quod
358 1849 396 1887 in
418 1851 584 1888 buccam
606 1848 754 1887 venerit
775 1848 931 1887 scribes.

269 1958 385 1992 VIII
475 1962 541 1992 Ser.
564 1962 594 1990 1'11
612 1961 816 1991 Sz'nmssano
832 1962 902 1991 xvii
916 1961 956 1991 K.
979 1961 1061 1992 Mai.
1080 1972 1109 1991 a.
1133 1970 1188 2000 710
1208 1961 1296 2002 (44).

633 2040 806 2070 CICERO
836 2039 1017 2069 ATTICO
1047 2038 1152 2069 SAL.

282 2113 344 2149 Tu
367 2126 429 2150 mc
451 2112 527 2150 iam
549 2113 693 2157 rebare,
717 2125 807 2150 cum
830 2111 1039 2157 scribebas,
1063 2110 1102 2148 in
1122 2110 1219 2149 actis
1240 2123 1324 2148 esse
1346 2109 1498 2157 nostris,
1520 2117 1558 2148 et

228 2191 301 2227 ego
332 2178 466 2227 accepi
500 2190 587 2215 xvu
624 2179 710 2215 Kal.
746 2177 785 2214 in
817 2175 1082 2215 deversoriolo
1116 2175 1355 2214 Sinuessano
1387 2182 1472 2213 tuas
1502 2176 1558 2212 lit-

271 2292 290 2321 5
315 2282 347 2312 in
363 2282 501 2312 Caietae
523 2281 564 2312 M
583 2280 641 2312 sed
662 2281 694 2310 in
721 2280 860 2311 deletum
880 2284 947 2310 est:
974 2280 1006 2309 in
1024 2279 1142 2310 Caieta
1160 2273 1305 2317 Zb,f0rt.
1329 2282 1402 2309 recte
1417 2279 1453 2317 cf
1476 2277 1510 2309 C.
1528 2278 1554 2308 I.

228 2326 266 2357 L.
294 2337 325 2356 X.
347 2331 380 2366 j).
401 2327 464 2364 603
555 2327 575 2354 6
600 2325 732 2363 publica
759 2324 880 2354 Orelli:
916 2334 961 2363 p.‚
987 2324 1097 2361 aliqua
1122 2319 1201 2352 MZl
1220 2321 1393 2353 Schmidt:
1425 2322 1558 2362 publica

226 2370 289 2400 alia
310 2373 380 2400 vell.
474 2379 514 2398 22
541 2368 616 2398 Hoc
638 2367 827 2407 IVcscnberg
955 2377 995 2405 27
1021 2366 1070 2407 et]
1089 2371 1123 2396 at
1141 2366 1228 2396 Crat.

1581 621 1598 653 5

1583 949 1620 970 10

1580 1605 1620 1626 20
