1742 2651
114 821 151 843 10

108 1547 148 1568 20

589 112 700 148 EPP.
732 112 810 148 AD
840 113 1099 150 A'I'TICVIN'I
1416 115 1512 151 XII.
1532 114 1608 150 xiv

175 220 372 260 interdum
412 221 507 259 mihi
547 236 709 271 peccare
745 222 889 270 videor,
926 222 1123 261 interdum
1160 232 1391 274 peccaturus
1426 235 1517 263 esse·

174 286 247 324 nisi
276 287 426 325 faciam.
486 287 667 325 Solitudo
693 287 843 337 aliquid
872 288 1040 333 adiuvat,
1065 290 1133 326 sed
1163 291 1287 327 multo
1313 291 1399 339 plus
1426 304 1511 339 pro-

174 353 316 399 ficeret,
351 352 381 390 si
413 360 453 389 tu
485 360 615 390 tamen
647 352 865 391 interesses.
926 354 1040 401 Quae
1070 353 1164 391 mihi
1197 368 1276 392 una
1305 368 1423 392 causa
1452 363 1510 393 est

174 417 265 455 hinc
300 417 556 461 discedendi;
599 431 689 455 nam
725 432 795 467 pro
831 418 941 456 malis
977 426 1082 456 recte
1117 419 1300 457 habebat.
1363 421 1509 468 Quam-

173 496 290 532 quam
323 484 366 521 id
392 483 519 532 ipsum
550 484 677 520 (10160.
740 484 831 520 Νο11
867 483 972 521 6111111
1004 483 1081 521 iam
1118 483 1157 521 in
1191 498 1254 522 me
1286 484 1392 522 idem
1424 498 1508 523 esse

172 548 327 598 poteris.
389 547 589 585 Perierunt
611 547 675 584 illa
695 561 796 596 quae
816 549 988 586 amabas.

229 614 289 650 De
318 612 427 650 Bruti
455 613 505 650 ad
534 625 595 649 me
624 611 758 650 litteris
790 613 923 662 scripsi
953 615 1003 651 ad
1034 621 1072 652 te
1101 622 1227 652 antea.
1290 616 1506 653 Prudenter
1524 622 1550 660 4

172 677 348 727 scriptae,
372 679 441 715 sed
462 677 558 714 nihil
581 678 688 726 quod
711 691 773 714 me
792 677 1033 716 adiuvarent.
1080 680 1201 727 Quod
1222 681 1272 717 ad
1295 688 1332 718 te
1353 679 1505 729 scripsit

171 742 211 780 id
232 744 383 789 vellem,
408 750 449 780 ut
471 742 553 791 ipse
574 743 740 779 adesset.
802 743 918 780 Certe
945 743 1105 793 aliquid,
1129 744 1317 793 quoniam
1339 759 1402 783 me
1423 753 1501 783 tam

170 808 284 845 valde
313 815 429 853 amat,
459 806 670 844 adiuvaret.
731 808 852 854 Quod
880 807 910 845 si
936 808 1031 857 quid
1060 809 1169 855 56165,
1194 809 1339 847 scribas
1367 812 1416 848 ad
1442 824 1504 848 me

170 872 298 919 velim,
337 871 504 909 maxime
537 878 671 909 autem
706 873 834 909 Pansa
868 875 1039 922 quando.
1116 876 1176 912 De
1207 874 1340 913 Attica
1373 876 1501 922 doleo,

170 939 289 975 credo
310 944 441 974 tamen
464 938 637 975 Cratero.
695 936 834 975 Piliam
855 938 944 988 angi
961 946 1058 976 veta.
1119 939 1219 978 Satis
1241 948 1298 978 est
1320 954 1382 978 me
1404 954 1505 979 mae-

170 1016 251 1040 rere
273 1016 343 1052 pro
363 1002 560 1041 omnibus.

212 1107 303 1143 XV*
475 1112 544 1144 Ser.
566 1114 712 1144 Asturae
729 1114 833 1144 viiJa'.
856 1113 955 1144 Mart.
978 1125 1007 1144 (1.
1032 1125 1089 1153 709
1108 1114 1187 1154 (45).

580 1191 749 1222 CICERO
780 1191 961 1222 ATTICO
991 1191 1099 1223 SAL.

222 1272 342 1321 Apud
364 1270 615 1321 Appuleium,
647 1270 833 1320 quoniam
862 1270 901 1307 in
929 1279 1161 1320 perpetuum
1191 1285 1270 1310 non
1299 1274 1436 1322 placet,
1460 1272 1499 1310 in

167 1336 251 1374 dies
277 1344 318 1373 ut
345 1350 506 1374 excuser
533 1335 694 1374 videbis.
756 1337 803 1372 In
833 1337 906 1373 hac
937 1335 1149 1373 solitudine
1179 1349 1293 1374 careo
1321 1337 1498 1374 omnium

168 1400 391 1450 conloquio,
417 1414 587 1449 cumque
615 1414 730 1438 mane
759 1414 821 1438 me
849 1399 887 1436 in
916 1399 1051 1437 silvam
1076 1400 1244 1438 abstrusi
1269 1402 1433 1439 densam
1461 1410 1498 1439 et

166 1479 356 1515 asperam,
393 1479 473 1503 non
509 1479 605 1504 exeo
643 1465 735 1503 inde
773 1473 864 1502 ante
902 1478 1120 1514 vesperum.
1194 1467 1421 1504 Secundum
1461 1474 1498 1505 te

167 1530 263 1568 nihil
286 1539 342 1569 est
365 1531 459 1568 mihi
481 1531 644 1569 amicius
665 1530 889 1568 solitudine.
951 1532 997 1567 In
1019 1544 1063 1567 ea
1093 1530 1187 1567 mihi
1213 1531 1341 1569 omnis
1370 1545 1497 1570 sermo

166 1604 223 1634 est
245 1611 335 1634 cum
357 1596 502 1634 litteris.
550 1598 652 1633 Eum
673 1603 805 1633 tamen
827 1595 1047 1644 interpellat
1068 1597 1180 1633 fletus
1202 1610 1208 1636 2
1238 1595 1299 1633 cui
1322 1610 1496 1646 repugno

164 1662 296 1710 quoad
331 1675 504 1711 possum,
542 1662 611 1698 sed
644 1661 774 1698 adhuc
808 1674 919 1709 pares
954 1674 1034 1697 non
1074 1674 1219 1698 sumus.
1281 1663 1412 1708 Bruto,
1454 1669 1495 1699 ut

164 1728 316 1772 suades,
354 1726 574 1765 rescribam.
636 1727 712 1763 Eas
747 1725 892 1764 litteras
926 1738 1010 1764 cras
1045 1725 1220 1764 habebis.
1281 1727 1384 1765 Cum
1423 1726 1494 1765 erit

163 1790 225 1829 6111
255 1792 336 1839 des,
369 1791 491 1829 dabis.

205 1896 315 1931 XVI
489 1899 562 1930 Scr.
579 1900 724 1930 Asturae
739 1900 775 1930 vi
785 1899 835 1931 Id.
852 1898 952 1930 Mart.
974 1910 1003 1930 a.
1027 1909 1085 1939 709
1105 1898 1186 1941 (45).

570 1977 738 2008 CICERO
769 1977 947 2007 ATTICO
973 1976 1082 2008 SAL.

214 2058 273 2095 Te
305 2055 379 2094 tuis
411 2055 577 2106 negotiis
612 2055 753 2093 relictis
785 2057 879 2093 nolo
910 2057 960 2093 ad
993 2069 1056 2093 1116
1085 2056 1229 2104 venire,
1257 2070 1329 2106 ego
1359 2057 1488 2108 potius

159 2123 358 2167 accedam,
391 2121 421 2158 si
453 2121 599 2159 diutius
632 2120 854 2170 impediere.
917 2120 1001 2158 Etsi
1031 2134 1080 2158 ne
1110 2121 1377 2160 discessissem
1408 2123 1489 2172 qui-

204 2236 222 2263 4
248 2225 408 2255 habebam
427 2225 503 2254 coni.
526 2223 647 2253 Mz'z‘llcr
806 2235 824 2263 5
851 2225 883 2254 id
901 2224 975 2254 add.
994 2225 1112 2255 anb.
1269 2228 1289 2256 8
1313 2227 1487 2257 adiuvaret

158 2269 336 2298 Asrenst'ns
423 2279 444 2307 9
460 2268 580 2298 vellem
601 2267 646 2297 C:
669 2268 756 2297 velle
775 2267 816 2297 M
914 2279 950 2297 12
974 2274 1058 2298 veta.
1089 2268 1178 2299 Satis
1195 2274 1246 2299 est
1264 2280 1317 2300 me
1334 2280 1486 2299 maerere

159 2305 228 2340 ZIL
248 2311 392 2352 (marg.)
408 2323 413 2341 :
440 2312 574 2342 vetabat
590 2312 618 2341 15
636 2317 686 2341 est
704 2322 833 2341 merere
852 2316 905 2341 ΣΔ
1039 2312 1085 2345 18,
1103 2322 1144 2341 22
1168 2323 1221 2342 me
1244 2317 1271 2342 ct
1292 2314 1400 2343 adhuc
1417 2324 1481 2344 0111.

159 2354 214 2384 Ml
304 2356 345 2384 28
370 2355 598 2385 discessissem
618 2354 665 2383 Ps
680 2354 820 2385 Rosius:
846 2355 1070 2386 decessissem
1091 2354 1197 2386 ORM
