1742 2651
117 80 204 117 XV.

189 589 208 617 1

184 1374 209 1401 ko

223 79 269 116 xi
585 79 640 115 M.
673 79 841 116 TVLLI
874 78 1180 116 CICERONIS

223 204 329 229 nunc
357 190 452 228 mihi
473 189 654 228 additum
676 197 743 228 est.
806 191 914 228 Bella
938 198 996 228 est
1019 198 1151 229 autem
1179 190 1294 229 huius
1321 190 1412 229 iuris
1438 191 1549 241 quin-

223 255 371 306 quenni
391 255 558 293 licentia.
610 256 863 303 Quamquam
884 256 981 303 quid
996 257 1040 292 de
1059 255 1331 305 quinquennio
1352 256 1552 305 cogitem?

225 321 415 360 Contrahi
437 319 533 358 mihi
554 319 755 369 negotium
777 319 939 357 videtur.
1000 321 1077 358 Sed
1097 322 1319 370 βλάσφημα
1338 321 1551 360 mittamus.

268 427 359 463 XII
479 428 547 460 Scr.
567 429 600 459 in
618 428 753 459 Antiati
766 439 785 458 v
802 433 861 459 ant
874 429 904 459 iv
921 428 968 460 Id.
990 428 1064 460 Ilm.
1085 440 1114 461 a.
1134 439 1193 469 710
1212 430 1296 471 (471).

633 505 803 536 CICERO
833 504 1013 535 ATTICO
1043 505 1149 537 SAL.
1574 518 1591 549 5

282 582 389 617 Bene
407 592 469 616 rne
486 579 644 616 hercule
665 579 715 615 de
732 578 936 615 Buthroto.
996 580 1049 615 At
1070 592 1142 627 ego
1156 578 1343 617 Tironem
1363 581 1414 617 ad
1438 581 1555 617 Dola-

226 646 370 683 bellam
400 657 491 682 cum
522 643 667 689 litteris,
692 642 783 692 quia
814 642 990 689 iusseras,
1018 642 1209 681 miseram.
1271 644 1378 692 Quid
1409 647 1555 682 nocet?

228 712 290 748 De
317 709 457 747 nostris
485 716 616 746 autem
645 707 872 746 Antiatibus
898 708 989 745 satis
1010 707 1171 746 videbar
1200 710 1315 757 plane
1343 709 1552 758 scripsisse,

226 783 268 813 ut
302 788 384 813 non
414 774 614 812 dubitares
646 773 741 822 quin
773 780 903 810 essent
933 772 1047 810 otiosi
1078 773 1195 810 futuri
1225 774 1408 824 usurique
1440 775 1556 812 bene-

226 840 315 878 ficio
355 838 505 877 Antoni
549 838 848 876 contumelioso.
928 837 1087 876 Cassius
1135 839 1425 876 frumentariam
1473 853 1555 877 rem
1578 857 1614 879 10

225 905 507 955 aspernabatur
521 919 532 952 3
562 917 648 942 eam
671 903 830 942 Servilia
858 903 1099 941 sublaturam
1125 917 1171 941 ex
1197 912 1354 942 senatus
1375 907 1556 943 consulto

226 985 268 1010 se
297 984 382 1009 esse
414 970 581 1009 dicebat.
643 970 788 1007 Noster
820 981 911 1006 vero
943 970 1002 1006 καὶ
1034 970 1138 1018 μάλα
1167 973 1310 1019 σεμνῶς
1338 969 1377 1006 111
1407 970 1554 1017 Asiam,

226 1044 363 1087 postea
398 1049 517 1085 quam
550 1034 645 1072 mihi
679 1042 736 1072 est
771 1035 962 1072 adsensus
992 1041 1077 1072 tuto
1107 1048 1148 1072 se
1179 1036 1332 1072 Romae
1362 1049 1446 1073 esse
1476 1050 1556 1074 non

225 1115 342 1152 posse
375 1102 506 1152 (ludos
546 1100 651 1138 enim
691 1099 834 1137 absens
873 1100 1000 1137 facere
1032 1099 1231 1149 malebat),
1266 1099 1395 1138 statim
1429 1101 1482 1139 ait
1516 1115 1557 1140 se

226 1166 370 1204 iturum
399 1166 514 1204 simul
540 1178 586 1202 ac
614 1165 797 1202 ludorum
826 1172 1058 1213 apparatum
1079 1164 1123 1201 iis
1152 1164 1218 1214 qui
1239 1165 1407 1203 curaturi
1428 1175 1558 1204 essent
1582 1181 1616 1211 15

227 1231 460 1269 tradidisset.
516 1229 682 1278 Navigia
703 1228 926 1278 conligebat
944 1244 951 1271 ς
981 1237 1061 1267 erat
1081 1229 1235 1267 animus
1255 1229 1294 1267 in
1316 1243 1440 1269 cursu.
1496 1233 1559 1269 In-

227 1304 331 1335 terea
358 1296 397 1333 in
426 1296 551 1334 isdem
578 1294 674 1332 locis
696 1301 805 1331 erant
827 1294 954 1332 futuri.
1017 1296 1159 1332 Brutus
1186 1294 1347 1344 quidem
1368 1309 1410 1334 se
1429 1295 1559 1335 aiebat

228 1364 405 1399 Asturae.
467 1362 509 1398 L.
533 1359 695 1409 quidem
726 1359 925 1397 Antonius
951 1359 1160 1398 liberaliter
1189 1359 1324 1398 litteris
1354 1361 1438 1399 sine
1466 1375 1559 1400 cura

228 1441 291 1465 me
312 1440 397 1465 esse
424 1426 543 1463 iubet.
606 1425 751 1461 Habeo
774 1438 895 1461 unurn
926 1424 1175 1471 beneficium,
1197 1426 1361 1463 alterum
1382 1427 1556 1474 fortasse,

227 1494 264 1530 si
290 1492 328 1529 in
359 1492 631 1529 Tusculanum
662 1488 819 1526 venerit.
881 1490 917 1527 O
948 1490 1104 1539 negotia
1134 1503 1213 1527 non
1243 1491 1426 1529 ferenda!
1456 1505 1558 1541 quae
1580 1507 1619 1528 20

228 1559 403 1596 feruntur
442 1564 585 1594 tamen.
645 1555 764 1593 Τῶνδε
804 1557 921 1593 αἰτίαν
958 1559 1030 1593 τῶν
1069 1557 1239 1605 Βροῑῗτων
1276 1574 1330 1596 τις
1368 1558 1451 1608 ἔχει.
1509 1560 1557 1596 In

229 1622 459 1668 Octaviano,
487 1629 527 1658 ut
558 1620 747 1670 perspexi,
778 1621 869 1659 satis
900 1621 1041 1670 ingeni,
1066 1621 1157 1659 satis
1187 1622 1316 1668 animi,
1341 1623 1559 1660 videbatur-

229 1701 306 1738 que
327 1701 415 1737 erga
442 1694 596 1725 nostros
623 1687 741 1736 ἥρωας
772 1685 823 1723 ita
852 1687 934 1724 fore
962 1694 1003 1723 ut
1034 1699 1106 1723 nos
1132 1688 1320 1724 vellemus
1351 1687 1556 1726 animatus.

230 1754 308 1791 Sed
343 1752 438 1802 quid
473 1751 591 1789 aetati
626 1752 869 1789 credendum
906 1751 964 1797 sit,
997 1750 1092 1800 quid
1127 1751 1289 1798 nomini,
1324 1752 1418 1802 quid
1453 1754 1559 1791 here-

229 1818 352 1864 ditati,
376 1817 471 1867 quid
503 1819 715 1868 κατηχήσει,
741 1816 870 1865 magni
902 1816 1039 1854 consili
1071 1824 1138 1854 est.
1198 1817 1368 1855 Vitricus
1396 1818 1557 1867 quidem
1581 1833 1618 1864 25

230 1883 326 1920 nihil
356 1883 570 1929 censebatg
601 1895 718 1932 quem
751 1884 917 1919 Asturae
947 1881 1127 1919 vidimus.
1188 1883 1266 1920 Sed
1298 1891 1428 1921 tamen
1456 1885 1559 1921 alen-

229 1950 306 1986 dus
335 1956 391 1986 est
421 1956 470 1994 et,
494 1955 535 1985 ut
566 1947 661 1985 nihil
692 1947 810 1994 aliud,
833 1948 884 1984 ab
914 1947 1091 1984 Antonio
1121 1947 1396 1997 seiungendus.
1458 1950 1560 1986 Mar-

229 2015 350 2051 cellus
381 2015 586 2062 praeclare,
612 2013 642 2050 si
674 2013 863 2062 praecipit
894 2017 1053 2052 †nostro
1084 2013 1241 2053 nost1·i'l·.
1300 2013 1375 2052 Cui
1397 2013 1558 2062 quidem

230 2077 297 2116 ille
323 2077 480 2116 deditus
512 2077 607 2115 mihi
638 2078 853 2116 videbatur.
916 2080 1066 2115 Pansae
1086 2085 1217 2115 autem
1247 2085 1285 2115 et
1317 2078 1449 2115 Hirtio
1479 2093 1558 2117 non

230 2142 346 2180 nimis
368 2143 564 2181 credebat.
627 2145 738 2181 Bona
760 2143 922 2190 indoles,
948 2145 1009 2181 ἐὰν
1029 2143 1203 2194 διαμείνῃ.
1582 2156 1620 2186 30

275 2251 294 2270 2
317 2240 395 2279 quid
415 2241 456 2270 de
473 2240 548 2270 add.
567 2245 635 2271 velt.
755 2252 792 2271 12
817 2241 936 2279 σεμνῶς
955 2241 1003 2272 C:
1029 2245 1167 2272 CMNOC
1183 2240 1246 2272 M:
1265 2240 1401 2278 ἄσμενως
1422 2241 1562 2272 Vrsinus

234 2294 271 2322 14
297 2286 343 2314 ait
372 2283 504 2314 Moser:
544 2289 656 2314 autem
687 2285 776 2316 codd.
820 2285 1008 2325 Wesenberg
1139 2295 1182 2315 20
1214 2285 1241 2314 si
1273 2284 1347 2315 add.
1383 2285 1562 2315 Ascensius

230 2337 268 2356 21
295 2327 397 2357 Τῶνδε
419 2327 526 2357 Boot:
561 2327 774 2358 TANAEM:
808 2328 867 2358 τὰν
887 2328 912 2358 δ’
929 2327 1118 2369 [Vesenbeag
1246 2329 1287 2357 28
1311 2328 1427 2358 νόστον
1453 2330 1559 2359 nostri

230 2371 309 2402 com'.
328 2370 431 2400 Boot:
468 2370 645 2409 ignoscere
672 2373 797 2401 nostris
824 2372 878 2402 Fr.
905 2371 1077 2402 Sclnm‘dt:
1103 2372 1276 2412 σωφρονεῖν
1303 2371 1421 2403 Orelli:
1455 2377 1560 2402 nostri

230 2413 289 2444 del.
313 2414 454 2444 Gm‘lz'lt:
482 2419 597 2444 nostro
616 2419 732 2444 nostra
750 2415 896 2454 Kayser:
922 2421 956 2445 ut
975 2421 1089 2446 nostro
1106 2420 1222 2446 nostra
1240 2415 1326 2446 Reid
