1742 2651
48 108 167 145 XIII.
191 107 337 144 xlviia
561 109 618 145 M.
650 108 818 145 TVLLI
851 107 1158 147 CICERONIS

128 614 179 655 (3)

163 1141 179 1167 I

198 219 356 258 Caesari
383 221 636 258 vehementer
661 227 812 269 gratum
843 233 927 257 esse
952 220 1156 257 facturum.
1216 221 1318 257 Puto
1341 219 1525 269 equidem

197 284 294 322 nihil
333 298 428 323 esse.
503 285 674 323 Dixisset
714 284 819 322 enim
859 284 929 322 tibi
969 285 1131 323 fortasse
1172 283 1321 334 aliquid
1360 284 1525 334 Oppius,

198 349 386 398 quoniam
409 351 555 388 Balbus
576 358 633 388 est
653 363 777 399 aeger.
838 351 915 388 Sed
937 357 1070 388 tamen
1098 350 1217 388 malui
1238 350 1369 388 venire
1390 351 1528 388 frustra

199 428 318 464 quam
352 414 575 462 desiderari,
612 414 643 452 si
682 428 781 464 opus
820 422 931 453 esset.
993 416 1164 453 Moleste
1202 416 1340 453 ferrem
1379 422 1525 464 postea.

201 481 340 529 Itaque
370 480 488 517 hodie
518 479 624 526 Anti,
656 493 739 518 cras
772 488 863 518 ante
893 479 1097 518 meridiem
1127 479 1247 518 domi.
1306 481 1369 517 Tu
1398 479 1526 525 velim,
1550 494 1566 524 5

201 544 272 582 nisi
294 552 331 582 te
352 544 603 594 impedivisti,
623 546 729 594 apud
751 558 823 582 nos
844 558 898 594 pr.
926 546 1012 582 Kal.
1036 558 1126 582 cum
1150 544 1257 582 Pilia.

253 612 311 647 Te
350 623 464 659 spero
498 623 588 647 cum
625 609 794 647 Publilio
833 609 1059 648 confecisse.
1121 610 1318 659 Equidem
1361 611 1448 647 Kal.
1490 609 1528 646 in

198 676 468 712 Tusculanum
504 687 724 721 recurram,
754 688 816 712 me
846 674 951 712 enim
983 675 1147 712 absente
1177 675 1310 712 omnia
1340 688 1430 712 cum
1455 674 1529 712 illis

198 739 354 789 transigi
377 741 490 777 malo.
551 738 689 787 Quinti
718 739 841 776 fratris
863 739 1070 788 epistulam
1091 740 1141 777 ad
1163 747 1200 777 te
1222 739 1308 777 misi
1336 753 1416 777 non
1438 739 1529 776 satis

197 806 369 842 humane
390 804 495 841 illam
517 804 678 853 quidem
701 805 1007 853 respondentem
1033 804 1129 842 meis
1151 804 1285 842 litteris
1307 806 1376 842 sed
1398 812 1529 842 tamen
1553 819 1589 839 10

198 870 306 919 quod
328 869 397 906 tibi
419 869 510 907 satis
532 869 590 915 sit,
614 876 655 906 ut
676 868 861 918 equidem
883 868 1073 907 existimo.
1132 870 1195 906 Tu
1217 869 1378 907 videbis.

242 976 440 1010 XLVIII
487 979 557 1010 ΞΝ.
576 979 608 1008 in
631 978 815 1008 Tusculano
832 979 863 1009 iv
879 978 963 1009 Non.
985 978 1073 1009 Sext.
1093 989 1123 1008 a.
1145 989 1203 1017 709
1224 980 1302 1018 (45).

613 1055 783 1086 CICERO
806 1055 986 1085 ATTICO
1009 1054 1115 1086 SAL.

256 1129 353 1168 Heri
375 1129 508 1167 nescio
529 1129 624 1178 quid
646 1129 685 1166 in
707 1128 868 1178 strepitu
890 1127 1024 1165 videor
1045 1127 1249 1166 exaudisse
1269 1141 1360 1166 cum
1380 1127 1531 1166 diceres

200 1202 236 1232 te
267 1194 305 1232 in
336 1196 607 1232 Tusculanum
638 1202 856 1231 venturum.
917 1194 1038 1242 Quod
1072 1192 1246 1230 utinam!
1288 1192 1427 1231 iterum
1462 1192 1531 1230 uti-
1554 1211 1591 1242 15

200 1274 290 1298 nam
309 1264 314 1298 ἕ
346 1268 413 1298 tuo
435 1268 566 1298 tamen
588 1260 813 1297 commodo.

255 1329 381 1376 Lepta
420 1340 482 1363 me
522 1333 630 1374 rogat
670 1332 723 1371 ut,
764 1324 795 1362 si
834 1323 931 1374 quid
970 1323 1044 1362 sibi
1078 1336 1178 1373 opus
1212 1323 1274 1370 sit,
1307 1336 1532 1370 accurram,

202 1401 378 1431 mortuus
417 1391 521 1429 enirn
558 1390 771 1428 Babullius.
846 1391 1001 1436 Caesar,
1035 1389 1185 1440 opinor,
1218 1403 1265 1427 ex
1298 1389 1424 1435 uncia,
1461 1388 1532 1426 etsi

202 1459 297 1497 nihil
318 1460 473 1505 adhuc,
502 1459 571 1495 sed
594 1459 719 1506 Lepta
748 1470 795 1494 ex
815 1455 965 1494 triente.
1025 1457 1191 1493 Veretur
1219 1463 1352 1493 autem
1382 1468 1431 1492 ne
1452 1467 1532 1492 non

200 1525 314 1563 liceat
336 1532 467 1561 tenere
484 1522 753 1570 hereditatem,
771 1524 916 1575 ἀλόγως
937 1521 1112 1567 omnino,
1133 1522 1201 1559 sed
1219 1529 1371 1560 veretur
1387 1529 1529 1559 tamen.
1555 1537 1593 1558 20

202 1591 241 1627 Is
276 1589 389 1638 igitur
421 1588 451 1625 si
482 1587 648 1633 accierit,
678 1601 904 1634 accurram;
946 1587 977 1624 si
1013 1586 1154 1632 minus,
1189 1600 1262 1624 non
1292 1593 1383 1624 ante
1413 1599 1531 1635 quam

201 1669 361 1693 necesse
382 1654 462 1692 erit.
522 1655 583 1691 Tu
608 1653 807 1700 Pollicem,
830 1667 920 1691 cum
942 1653 1097 1703 poteris

257 1720 543 1759 Laudationem
577 1719 738 1758 Porciae
777 1719 846 1757 tibi
884 1718 970 1756 misi
1010 1726 1236 1757 correctam.
1296 1719 1410 1756 Adeo
1449 1730 1533 1767 pro-

202 1785 331 1836 peravi
364 1793 415 1832 ut,
448 1785 477 1822 si
508 1786 606 1823 forte
635 1792 701 1822 aut
735 1784 914 1822 Domitio
945 1783 1025 1821 filio
1054 1792 1120 1821 aut
1152 1786 1274 1822 Bruto
1304 1783 1532 1830 mitteretur,

203 1854 300 1890 haec
327 1851 553 1889 mitteretur.
613 1851 661 1888 Id
692 1849 723 1887 si
753 1849 824 1887 tibi
854 1849 923 1887 erit
954 1850 1211 1888 commodum
1242 1862 1385 1898 magno
1415 1861 1532 1898 opere
1555 1864 1592 1894 25

202 1930 313 1954 cures
333 1916 449 1954 velim
471 1924 508 1954 et
530 1915 645 1954 velim
670 1917 725 1952 M.
741 1914 928 1953 Varronis
949 1922 987 1953 et
1005 1914 1083 1952 Olli
1105 1914 1235 1952 mittas
1251 1913 1533 1959 laudationem,

203 1982 283 2020 Olli
304 1982 449 2031 utique.
509 1983 614 2019 Nam
636 1981 741 2018 illam
766 1980 852 2030 legi,
877 1981 967 2017 volo
988 1987 1119 2017 tamen
1142 1987 1345 2028 regustare.
1407 1980 1534 2027 Quae-

203 2049 295 2086 dam
316 2047 420 2085 enim
443 2047 503 2084 vix
525 2046 620 2084 mihi
641 2047 761 2084 credo
782 2045 920 2095 legisse
942 2058 1014 2082 me.

247 2164 266 2191 4
290 2158 381 2183 esset
400 2158 432 2183 ct
450 2153 593 2183 moleste
612 2152 700 2182 serre
723 2150 913 2191 ll'esenbctg
1024 2159 1059 2188 14
1086 2149 1175 2189 cum]
1194 2149 1290 2188 quasi
1308 2147 1393 2178 Reid
1496 2149 1534 2178 18

204 2202 358 2227 mortuus
374 2202 426 2227 est
446 2196 547 2227 Orelli
656 2194 843 2233 Babullius]
864 2199 915 2223 cst
926 2193 1092 2223 Vibullius
1108 2194 1188 2224 coni.
1205 2192 1357 2223 Scln'clze:
1384 2192 1535 2222 Puteolis

205 2241 343 2270 Cluvius
372 2242 425 2280 (rx
450 2251 503 2278 pu.
525 2240 667 2273 cluvius]
695 2238 848 2269 Sclmu'dt
979 2247 1016 2267 21
1046 2247 1111 2266 non
1129 2241 1210 2266 ante
1233 2246 1332 2274 quam
1360 2235 1533 2267 Graevius:

205 2294 272 2314 non
290 2285 423 2314 veniam
448 2290 527 2314 ante
552 2294 651 2322 quam
684 2281 890 2320 chsenberg:
917 2282 1112 2319 neutiquam
1136 2279 1362 2319 Stenerenbetg
1493 2289 1534 2317 23

205 2327 303 2357 Adeo
330 2327 432 2357 Boot:
468 2338 551 2357 aveo
579 2325 629 2355 M*>
651 2339 656 2356 :
695 2337 734 2356 ac
764 2336 804 2355 eo
831 2323 911 2354 M2:
936 2335 978 2354 eo
1006 2335 1072 2353 πε.
1093 2322 1120 2352 L
1146 2323 1311 2363 (yllatg.):
1350 2323 1428 2353 ideo
1454 2321 1538 2353 Reid

208 2383 248 2410 24
276 2371 398 2401 Domiti
419 2371 547 2400 Emcsti
677 2371 718 2398 28
744 2379 795 2398 me
814 2367 901 2398 (odd.
916 2371 1044 2407 practer
1059 2372 1086 2397 Δ
