1742 2651
134 126 203 166 IX.
223 125 268 162 xi
286 137 311 163 A
600 125 655 160 M.
689 124 855 160 TVLLI
888 123 1194 162 CICERONIS

879 304 925 339 A.

501 407 569 438 Ser.
591 407 625 437 in
644 406 824 436 Formiano
839 406 896 437 xiv
911 406 953 436 K.
975 405 1060 445 Apr.
1081 417 1111 437 a.
1133 416 1187 446 705
1206 407 1289 448 (49).

511 484 685 515 CICERO
713 483 803 515 IMP.
832 484 867 514 S.
895 483 934 514 D.
961 483 1164 514 CAESARI
1193 484 1283 516 IMP.

195 578 210 603 1
286 566 338 601 Vt
376 563 450 613 legi
489 570 574 600 tuas
614 562 759 600 litteras
793 575 889 611 quas
923 575 946 599 a
978 561 1123 600 Furnio
1162 569 1295 601 nostro
1333 575 1560 612 acceperam

230 628 374 678 quibus
414 642 569 666 mecum
608 628 751 677 agebas
790 634 832 665 ut
869 628 920 665 ad
959 627 1096 665 urbem
1128 640 1266 674 essem,
1300 635 1338 666 te
1371 630 1471 667 velle
1505 629 1598 675 uti5

233 694 420 732 ‘consilio
459 702 496 732 et
535 693 724 743 dignitate
763 693 874 730 mea'
914 691 1043 730 minus
1091 706 1177 730 sum
1223 693 1464 740 admiratus;
1510 695 1561 732 de

227 759 399 809 ‘gratia'
433 767 470 797 et
505 760 554 797 de
592 759 709 808 ‘ope'
745 757 840 806 quid
872 757 1108 807 significares
1140 770 1296 795 mecum
1330 758 1414 808 ipse
1446 772 1560 808 quae-

208 825 373 870 ·rebam,
407 838 474 874 spe
509 832 641 862 tamen
674 823 900 861 deducebar
932 823 984 860 ad
1018 836 1105 860 eam
1140 822 1420 872 cogitationem
1450 831 1491 861 ut
1520 832 1559 863 te

226 904 298 940 pro
328 898 394 928 tua
422 888 642 928 admirabili
672 902 717 926 ac
749 887 931 937 singulari
957 886 1146 937 sapientia
1175 888 1225 925 de
1255 887 1346 934 otio,
1369 889 1419 927 de
1448 903 1556 939 pace,

228 956 278 992 de
299 954 511 993 concordia
532 953 675 992 civium
695 952 756 1002 agi
777 953 876 990 velle
896 951 1110 998 arbitrarer,
1129 959 1166 989 et
1186 953 1237 990 ad
1258 966 1344 990 eam
1365 953 1556 993 rationem
1582 968 1619 990 ιο

229 1018 501 1058 existimabam
541 1018 632 1057 satis
671 1025 802 1068 aptam
842 1030 927 1055 esse
971 1024 1009 1054 et
1046 1024 1226 1054 naturam
1271 1024 1308 1055 et
1350 1031 1557 1068 personam

185 1097 210 1124 2
230 1098 370 1123 meam.
420 1085 540 1133 Quod
561 1084 592 1122 si
614 1084 665 1121 ita
685 1091 743 1121 est
764 1091 801 1121 et
822 1082 853 1120 si
874 1096 951 1131 qua
971 1083 1021 1120 de
1043 1081 1234 1131 Pompeio
1254 1091 1388 1121 nostro
1408 1086 1558 1123 tuendo

228 1157 266 1189 et
287 1150 357 1188 tibi
382 1164 427 1188 ac
457 1149 510 1188 rei
535 1149 716 1200 publicae
746 1147 1038 1187 reconciliando
1065 1161 1157 1186 cura
1183 1155 1221 1186 te
1247 1148 1410 1199 attingit,
1434 1150 1557 1199 magis

226 1215 415 1254 idoneum
437 1228 555 1264 quam
586 1227 658 1264 ego
688 1227 774 1251 sum
799 1214 850 1251 ad
880 1226 966 1251 eam
997 1226 1154 1250 causam
1185 1214 1360 1262 profecto
1389 1215 1556 1264 reperies

226 1280 426 1319 neminem
461 1279 528 1329 qui
558 1286 596 1317 et
626 1278 679 1316 illi
709 1291 862 1328 semper
892 1285 929 1315 et
958 1277 1109 1315 senatui
1135 1291 1224 1315 cum
1252 1278 1422 1327 primum
1445 1279 1555 1329 potui
1580 1294 1614 1325 15

224 1344 333 1395 pacis
352 1352 489 1382 auctor
509 1343 562 1381 fui
584 1357 657 1382 nec
679 1342 844 1393 sumptis
864 1342 980 1380 armis
1008 1342 1099 1381 belli
1127 1344 1246 1380 ullam
1274 1351 1423 1392 partem
1447 1344 1555 1395 attigi

225 1409 474 1459 iudicavique
495 1422 542 1447 eo
564 1409 668 1446 bello
690 1416 726 1446 te
747 1407 881 1445 violari
902 1415 1037 1445 contra
1065 1407 1175 1446 cuius
1202 1409 1394 1446 honorem
1418 1410 1555 1459 populi

225 1474 398 1513 Romani
428 1474 622 1512 beneficio
652 1487 884 1512 concessum
912 1473 1059 1511 inimici
1089 1481 1208 1523 atque
1239 1473 1361 1512 invidi
1391 1474 1555 1513 niteren-

223 1546 293 1577 tur.
354 1540 432 1577 Sed
462 1546 504 1576 ut
533 1552 580 1576 eo
611 1546 786 1588 tempore
820 1551 900 1575 non
936 1539 1056 1576 modo
1087 1538 1168 1588 ipse
1200 1540 1327 1577 fautor
1355 1539 1554 1589 dignitatis

223 1611 313 1642 tuae
350 1603 406 1641 fui
444 1617 578 1641 verum
612 1603 729 1640 etiam
761 1602 899 1640 ceteris
931 1610 1067 1640 auctor
1105 1605 1155 1641 ad
1195 1612 1232 1642 te
1270 1604 1550 1651 adiuvandum,
1575 1623 1614 1644 20

222 1668 277 1706 sic
299 1682 361 1707 me
388 1682 494 1706 nunc
523 1668 686 1717 Pompei
711 1667 879 1717 dignitas
909 1669 1161 1707 vehementer
1189 1677 1330 1708 movet.
1389 1670 1553 1720 Aliquot

222 1733 327 1772 enim
349 1741 439 1771 sunt
458 1733 551 1771 anni
573 1746 662 1771 cum
685 1747 753 1771 vos
774 1734 855 1771 duo
876 1732 1001 1783 delegi
1024 1747 1123 1783 quos
1154 1734 1362 1784 praecipue
1383 1736 1551 1773 colerem

179 1809 202 1845 3
222 1806 259 1836 et
288 1799 431 1848 quibus
461 1812 601 1845 essem,
631 1798 730 1836 sicut
760 1811 858 1844 sum,
889 1798 1160 1837 amicissimus.
1223 1800 1353 1847 Quam
1385 1800 1436 1838 ob
1470 1813 1550 1838 rem

220 1877 243 1900 a
277 1870 314 1901 te
343 1870 436 1913 peto
465 1865 526 1901 vel
555 1863 685 1913 potius
715 1863 900 1902 omnibus
931 1870 968 1901 te
1000 1863 1180 1913 precibus
1211 1877 1280 1902 oro
1309 1871 1347 1902 et
1376 1865 1551 1903 obtestor

222 1935 263 1966 ut
298 1927 338 1965 in
369 1927 444 1965 tuis
476 1927 654 1965 maximis
689 1928 788 1965 curis
820 1927 969 1977 aliquid
1002 1928 1200 1978 impertias
1238 1928 1424 1978 temporis
1458 1928 1550 1967 huic
1572 1947 1609 1978 ²5

221 2006 380 2042 quoque
410 1992 637 2042 cogitationi
666 2000 707 2030 ut
738 2000 806 2030 tuo
838 1992 1031 2031 beneficio
1062 1993 1190 2031 bonus
1211 1993 1277 2040 vir,
1299 2001 1439 2043 gratus,
1462 1993 1549 2043 pius

221 2056 393 2106 denique
423 2070 506 2095 esse
536 2057 576 2094 in
612 2057 769 2094 maximi
800 2057 966 2095 benefici
996 2057 1185 2095 memoria
1218 2057 1376 2107 possim.
1435 2058 1550 2106 Quae

221 2121 252 2159 si
291 2128 442 2158 tantum
482 2123 532 2159 ad
572 2135 635 2159 me
674 2121 803 2170 ipsum
837 2121 1089 2170 pertinerent,
1121 2135 1315 2171 sperarem
1350 2135 1412 2160 me
1450 2136 1473 2160 a
1511 2130 1549 2162 te

221 2194 353 2224 tamen
386 2186 695 2236 impetraturum,
727 2187 806 2233 sed,
841 2194 883 2224 ut
914 2186 1087 2233 arbitror,
1123 2195 1160 2225 et
1194 2189 1243 2225 ad
1282 2195 1389 2225 tuam
1429 2189 1548 2227 fidem

221 2258 259 2289 et
287 2252 337 2289 ad
365 2264 445 2289 rem
476 2251 675 2300 publicam
705 2251 872 2301 pertinet
899 2265 962 2289 me
992 2260 1029 2289 et
1056 2252 1162 2301 pacis
1192 2260 1229 2290 et
1259 2252 1459 2302 utriusque
1487 2267 1548 2292 ve·
1569 2271 1608 2301 30

269 2366 307 2394 19
331 2355 439 2385 fautor
455 2355 595 2385 Rosius:
621 2360 739 2386 auctor
755 2355 858 2386 codd:
882 2356 1018 2386 adiutor
1040 2356 1178 2386 Vru'nus
1318 2365 1361 2394 30
1386 2362 1419 2387 et
1436 2357 1545 2399 pacis]

223 2403 256 2429 ut
275 2400 367 2438 pacis
383 2399 459 2431 coni.
478 2398 621 2429 Mizller:
657 2411 675 2429 6
694 2400 810 2438 paucis
827 2399 950 2430 Bosz'us
1040 2400 1090 2440 et]
1109 2405 1142 2430 et
1159 2400 1199 2430 ad
1216 2399 1337 2430 Rosius
