1742 2651
637 619 808 656 LIBER
837 619 1174 658 VNDECIMVS

657 745 759 792 AD
812 744 1150 791 ATTICVM

281 884 315 919 I.
365 887 433 919 Ser.
454 888 488 918 in
505 888 604 929 Epiro
622 890 706 919 infer
719 890 807 920 Αὀη.
824 892 851 918 et
866 888 914 918 Id.
931 888 1015 926 Ilm„
1032 892 1067 917 ιιΙ
1081 887 1216 927 υιὶῖείιιν,
1234 898 1262 918 α.
1285 888 1344 927 706
1356 887 1442 929 (48).

655 982 830 1013 CICERO
855 981 1027 1012 ATTICO
1054 981 1151 1012 SAL.

203 1084 220 1110 1
293 1071 447 1108 ACCEP1
479 1084 499 1108 a
531 1078 568 1108 te
599 1070 793 1120 signatum
824 1070 998 1108 libellum
1025 1083 1143 1119 quem
1173 1071 1341 1107 Anteros
1362 1070 1541 1108 attulerat
1558 1083 1567 1117 ;

237 1148 283 1172 ex
308 1149 387 1184 quo
418 1135 513 1173 nihil
544 1135 641 1173 scire
671 1136 781 1185 potui
808 1137 858 1174 de
888 1135 1029 1174 nostris
1059 1134 1286 1173 domesticis
1316 1135 1442 1172 rebus.
1504 1136 1565 1172 De

234 1200 378 1249 quibus
398 1200 649 1239 acerbissime
669 1200 848 1239 adflictor
868 1201 977 1250 quod
998 1200 1064 1249 qui
1086 1213 1151 1238 eas
1175 1199 1415 1249 dispensavit
1435 1212 1564 1249 neque
1583 1211 1600 1243 5

233 1266 344 1303 adest
378 1265 462 1303 istic
502 1279 630 1314 neque
670 1265 735 1303 ubi
772 1273 957 1303 terrarum
993 1265 1040 1302 sit
1072 1264 1164 1302 scio.
1225 1265 1397 1302 Omnem
1432 1272 1564 1303 autem

234 1342 344 1379 spem
367 1331 495 1368 liabeo
516 1330 814 1368 existimationis
835 1330 1152 1380 privatarumque
1181 1343 1307 1367 rerum
1330 1329 1368 1366 in
1390 1337 1456 1367 tua
1476 1343 1565 1380 erga

235 1407 297 1432 me
315 1394 409 1431 mihi
427 1394 742 1444 perspectissima
755 1394 1041 1433 benevolentia.
1103 1395 1234 1442 Quam
1252 1393 1282 1431 si
1303 1394 1363 1431 his
1384 1394 1565 1444 tempori—

234 1459 307 1497 bus
335 1459 483 1498 miseris
505 1468 542 1498 et
568 1460 748 1498 extremis
770 1459 1015 1509 praestiteris,
1035 1461 1131 1497 haec
1152 1459 1325 1508 pericula
1345 1473 1446 1509 quae
1467 1459 1563 1497 mihi

233 1525 459 1562 communia
490 1533 579 1562 sunt
610 1539 700 1563 cum
731 1525 868 1563 ceteris
899 1524 1034 1563 fortius
1064 1525 1210 1564 feram:
1241 1524 1361 1573 idque
1381 1532 1423 1562 ut
1444 1524 1562 1562 facias
1584 1540 1624 1562 10

190 1596 271 1629 2te
306 1590 480 1627 obtestor
518 1597 637 1639 atque
675 1590 850 1628 obsecro.
931 1591 1015 1639 Ego
1054 1589 1092 1626 in
1133 1589 1360 1639 cistophoro
1399 1590 1438 1627 in
1467 1590 1563 1628 Asia

233 1655 361 1692 habeo
392 1656 442 1692 ad
475 1655 694 1693 sestertium
727 1655 784 1692 bis
812 1664 849 1694 et
877 1656 1034 1694 viciens.
1096 1656 1229 1694 Huius
1258 1655 1449 1706 pecuniae
1480 1670 1562 1705 per-

232 1720 448 1757 mutatione
469 1721 588 1758 fidem
611 1728 783 1758 nostram
806 1721 918 1760 facile
946 1724 1130 1769 tuebere3
1160 1736 1279 1772 quam
1301 1722 1461 1772 quidem
1487 1735 1561 1771 ego

230 1785 302 1822 nisi
333 1785 555 1835 expeditam
587 1786 805 1836 relinquere
836 1801 899 1826 me
932 1796 1131 1838 putassem
1166 1789 1331 1826 credens
1358 1787 1395 1825 ei
1425 1786 1487 1824 cui
1518 1794 1559 1824 tu

229 1851 304 1888 scis
338 1851 414 1888 iam
449 1851 601 1901 pridem
642 1852 803 1891 minime
839 1856 997 1893 credere
1037 1868 1092 1891 me
1125 1855 1258 1900 debere,
1293 1860 1558 1891 commoratus
1581 1864 1618 1896 15

228 1930 355 1954 essem
376 1916 572 1966 paulisper
602 1930 674 1955 nec
705 1920 943 1958 domesticas
974 1933 1033 1957 res
1063 1919 1271 1969 impeditas
1301 1917 1555 1967 reliquissem.

228 1982 294 2019 Ob
315 1995 481 2031 eamque
502 1995 659 2020 causam
686 1984 807 2022 serius
834 1986 884 2023 ad
909 1992 946 2023 te
975 1984 1103 2023 scribo
1133 1985 1241 2034 quod
1271 1997 1356 2022 sero
1386 1982 1557 2021 intellexi

226 2046 322 2095 quid
362 2046 581 2085 timendum
615 2057 726 2087 esset.
786 2052 845 2088 Te
877 2050 994 2088 etiam
1024 2057 1143 2099 atque
1174 2049 1291 2087 etiam
1321 2061 1390 2086 oro
1422 2055 1463 2085 ut
1493 2062 1556 2086 me

226 2118 351 2148 totum
384 2113 575 2150 tuendum
610 2114 808 2164 suscipias,
841 2122 894 2161 ut,
924 2114 953 2151 si
988 2114 1013 2151 ii
1045 2113 1139 2152 salvi
1171 2121 1284 2151 erunt
1317 2112 1553 2162 quibuscum

225 2189 322 2222 sum,
348 2191 425 2214 una
445 2191 535 2215 cum
558 2179 602 2217 iis
623 2180 769 2229 possim
801 2180 1010 2218 incolumis
1040 2193 1124 2218 esse
1149 2181 1394 2227 salutemque
1424 2191 1553 2216 meam
1575 2188 1615 2210 20

225 2241 524 2280 benevolentiae
546 2251 635 2282 tuae
656 2252 857 2294 acceptam
881 2245 1030 2282 referre.

269 2355 306 2384 15
332 2356 384 2376 me
410 2346 534 2376 debere
559 2346 636 2377 add.
656 2346 854 2377 Lehmann:
886 2356 938 2376 me
963 2350 1037 2377 ante
1065 2347 1204 2377 credere
1229 2345 1303 2376 add.
1325 2345 1554 2377 Liinemann:

221 2388 342 2419 decere
357 2395 416 2429 pro
434 2391 572 2420 credere
590 2391 660 2420 vult
675 2390 761 2420 Reid
