1742 2651
590 123 702 160 EPP.
734 123 812 159 AD
843 123 1102 162 ATTICVM
1408 123 1494 160 XV.
1517 121 1594 158 xiii

239 235 353 272 Haec
384 247 474 271 cum
509 233 730 281 scriberem,
764 241 915 272 tantum
946 235 1055 284 quod
1084 233 1356 272 existimabam
1390 234 1441 272 ad
1475 240 1555 281 te7

182 298 401 336 orationem
423 312 507 336 esse
525 300 724 347 perlatam.
779 299 873 347 Hui,
891 313 1009 349 quam
1031 299 1152 337 timeo
1173 299 1269 348 quid
1291 298 1513 337 existimes!

184 362 268 400 Etsi
295 363 391 413 quid
418 364 468 401 ad
497 365 589 401 me?
619 377 720 413 quae
750 377 831 402 non
856 364 904 402 sit
928 366 1029 402 foras
1059 363 1262 414 proditura
1292 363 1364 402 nisi
1386 378 1425 402 re
1446 377 1514 413 pu-

183 427 286 465 blica
306 427 529 476 reciperata.
592 430 653 466 De
674 441 754 478 quo
775 428 871 478 quid
892 442 1044 478 sperem
1065 442 1146 467 non
1167 430 1297 467 audeo
1319 428 1498 467 scribere.

142 546 159 577 5
225 533 336 568 XIV
449 537 519 569 Ser.
536 538 569 568 1'11
593 537 781 569 Tusculano
798 550 817 569 v
834 539 875 569 K.
897 539 1009 578 Quint.
1030 550 1060 570 a.
1083 549 1140 578 710
1159 539 1248 580 (44).

593 615 766 647 CICERO
789 616 968 646 ATTICO
991 616 1099 648 SAL.

235 698 273 723 VI
308 687 476 724 Kalend.
509 687 643 737 accepi
672 701 695 725 a
727 688 934 726 Dolabella
963 688 1118 726 litteras.
1179 690 1357 737 Quarum
1387 701 1511 726 exem·
1533 697 1550 724 1

180 751 289 799 plum
320 750 389 788 tibi
422 751 518 789 misi.
580 754 628 789 In
658 752 801 802 quibus
831 761 911 790 erat
940 753 1074 791 omnia
1103 767 1144 792 se
1174 753 1311 792 fecisse
1341 766 1441 803 quae
1471 760 1512 790 tu

180 817 309 853 velles.
380 815 518 853 Statim
559 816 593 854 ei
632 816 809 866 rescripsi
848 826 886 855 et
924 817 1056 856 multis
1094 817 1222 856 verbis
1260 817 1399 867 gratias
1439 816 1509 866 egi.

123 895 161 917 10
181 881 259 918 Sed
298 888 430 918 tamen
470 894 519 919 ne
558 881 760 920 miraretur
797 895 866 920 cur
903 882 1009 920 idem
1048 883 1187 921 iterum
1222 884 1402 929 facerem,
1436 883 1512 919 hoc

180 958 320 983 causae
341 945 490 995 sumpsi
511 947 619 996 quod
647 960 693 985 ex
719 954 756 985 te
783 947 868 997 ipso
889 961 1020 986 coram
1044 956 1160 986 antea
1180 947 1276 985 nihil
1296 947 1512 998 potuissem

180 1023 428 1060 cognoscere.
489 1012 567 1049 Sed
588 1011 683 1061 quid
705 1014 856 1050 multa?
884 1012 1028 1051 litteras
1049 1014 1126 1051 hoc
1146 1014 1327 1063 exemplo
1348 1013 1440 1051 dedi
1460 1027 1467 1051 :

371 1077 607 1114 ‘CICERO
644 1077 1018 1116 DOLABELLAE
1049 1078 1162 1116 COS.
1198 1078 1313 1115 SVO.

180 1143 310 1179 Antea
339 1155 429 1178 cum
463 1140 597 1179 litteris
622 1141 743 1179 Attici
772 1142 893 1180 nostri
923 1143 973 1180 de
1002 1150 1069 1180 tua
1098 1155 1253 1180 summa
1282 1142 1511 1180 liberalitate
1530 1151 1555 1178 2

122 1222 158 1253 15
180 1220 417 1256 summoque
447 1220 537 1256 erga
566 1220 607 1244 se
637 1206 831 1244 beneficio
860 1206 999 1245 certior
1028 1209 1153 1245 factus
1183 1221 1309 1246 essem
1340 1221 1511 1258 cumque

179 1280 221 1309 tu
244 1272 326 1322 ipse
347 1272 463 1310 etiam
485 1273 536 1309 ad
558 1285 620 1309 me
641 1271 859 1321 scripsisses
879 1279 917 1309 te
937 1271 1076 1310 fecisse
1096 1286 1142 1310 ea
1162 1286 1263 1321 quae
1283 1286 1356 1311 nos
1372 1273 1511 1310 voluis-

180 1350 322 1383 semus,
345 1337 404 1386 egi
434 1336 503 1374 tibi
533 1336 673 1386 gratias
703 1349 772 1385 per
800 1335 945 1373 litteras
972 1336 1016 1373 iis
1044 1336 1171 1374 verbis
1196 1344 1238 1374 ut
1268 1336 1511 1387 intellegeres

178 1401 275 1438 nibil
308 1410 345 1439 te
380 1401 474 1438 mihi
506 1401 651 1451 gratius
685 1401 811 1438 facere
845 1400 1029 1450 potuisse.
1091 1403 1233 1439 Postea
1266 1415 1358 1440 vero
1392 1416 1510 1452 quam

178 1465 262 1516 ipse
291 1466 445 1503 Atticus
479 1467 530 1504 ad
561 1479 623 1503 me
653 1465 758 1503 venit
791 1464 831 1502 in
860 1466 1131 1503 Tusculanum
1163 1466 1279 1504 huius
1313 1466 1428 1505 unius
1458 1466 1511 1505 rei

121 1547 160 1569 20
179 1546 296 1570 causa
326 1532 396 1570 tibi
427 1540 468 1570 ut
496 1533 603 1581 apud
634 1545 696 1569 me
719 1530 859 1581 gratias
885 1538 1026 1580 ageret,
1048 1531 1158 1569 cuius
1185 1531 1367 1570 eximiam
1392 1546 1511 1582 quan-

179 1598 270 1635 dam
292 1605 330 1634 et
350 1596 622 1634 admirabilem
644 1596 682 1633 in
705 1609 822 1634 causa
837 1595 1043 1633 Buthrotia
1062 1597 1304 1634 voluntatem
1326 1605 1364 1634 et
1384 1596 1511 1647 singu-

179 1664 298 1700 larem
328 1675 418 1711 erga
445 1676 485 1699 se
513 1675 688 1699 amorem
719 1660 989 1710 perspexisset,
1019 1660 1141 1698 teneri
1168 1674 1249 1699 non
1278 1661 1388 1711 potui
1415 1662 1510 1711 quin

179 1726 249 1764 tibi
270 1726 440 1776 apertius
457 1726 552 1764 illud
574 1725 679 1764 idem
701 1726 760 1764 his
782 1725 916 1764 litteris
937 1726 1186 1763 declararem.
1248 1728 1306 1763 Ex
1326 1727 1510 1765 omnibus

179 1791 296 1838 enim,
326 1791 380 1828 mi
414 1791 631 1838 Dolabella,
661 1790 799 1829 studiis
829 1791 868 1828 in
900 1804 962 1828 me
992 1798 1029 1828 et
1060 1790 1196 1828 officiis
1226 1804 1327 1840 quae
1356 1805 1510 1829 summa

121 1871 160 1902 25
180 1864 270 1894 sunt
300 1857 376 1894 hoc
406 1856 504 1894 scito
534 1856 630 1893 mihi
659 1864 697 1894 et
726 1855 1012 1905 amplissimum
1039 1855 1160 1894 videri
1187 1863 1226 1894 et
1248 1856 1509 1905 gratissimum

179 1936 264 1960 esse
285 1923 393 1971 quod
414 1921 619 1971 perfeceris
643 1929 685 1959 ut
706 1921 860 1959 Atticus
888 1921 1128 1971 intellegeret
1149 1929 1341 1970 quantum
1365 1935 1438 1971 ego
1458 1930 1507 1968 te,

178 1996 370 2036 quantum
402 1994 442 2024 tu
474 2000 536 2024 me
565 2000 726 2024 amares.
787 1987 908 2034 Quod
938 1986 1131 2036 reliquum
1162 1994 1230 2033 est,
1262 1987 1507 2024 Buthrotiam
1527 1996 1552 2033 3

179 2060 216 2090 et
237 2065 395 2090 causam
417 2059 454 2089 et
475 2051 683 2098 civitatem,
702 2064 942 2101 quamquain
963 2065 986 2088 a
1006 2059 1043 2088 te
1064 2051 1277 2089 constituta
1297 2060 1354 2089 est
1376 2052 1509 2102 (bene-

180 2117 267 2155 ficia
286 2125 417 2155 autem
446 2124 577 2154 nostra
604 2116 702 2154 tueri
729 2117 930 2165 solemus),
953 2124 1085 2154 tamen
1107 2116 1223 2154 velim
1251 2125 1447 2166 receptam
1468 2116 1508 2154 in

120 2195 161 2225 30
180 2182 299 2219 fidem
320 2189 427 2219 tuam
448 2195 471 2218 a
498 2194 640 2230 meque
664 2181 781 2219 etiam
807 2189 926 2230 atque
953 2180 1069 2218 etiam
1097 2181 1167 2219 tibi
1188 2182 1508 2219 commendatam

178 2246 409 2284 auctoritate
440 2254 477 2284 et
508 2246 651 2284 auxilio
681 2254 749 2284 tuo
782 2254 926 2284 tectam
958 2246 1052 2283 velis
1084 2259 1178 2284 esse.
1239 2247 1339 2285 Satis
1369 2246 1439 2285 erit
1468 2246 1508 2284 in

223 2361 242 2381 2
267 2351 440 2390 perlatam.
486 2351 553 2381 Hui
570 2351 608 2382 C:
634 2352 753 2390 perhui
771 2351 812 2381 Ο1
829 2363 835 2382 z
862 2351 998 2390 praebui
1012 2350 1067 2381 M:
1093 2352 1197 2390 perP
1280 2361 1300 2390 3
1318 2351 1413 2391 quid]
1427 2352 1508 2392 quid

180 2395 212 2424 id
230 2395 418 2434 [Vesenbm'g
506 2405 548 2424 20
573 2395 666 2424 cuius
680 2396 781 2425 Rom.
801 2406 807 2426 ε
835 2400 869 2424 ut
884 2400 953 2424 tum
974 2393 1025 2423 ML
1116 2405 1157 2424 22
1182 2405 1264 2431 erga
1281 2405 1316 2424 se
1336 2395 1404 2426 M‘:
1428 2407 1508 2435 erga

180 2448 232 2468 me
247 2435 285 2467 Z!
303 2443 331 2468 et
347 2438 399 2467 M-'
415 2437 555 2478 (alitem
580 2448 660 2476 erga
678 2449 696 2468 e
713 2437 766 2468 M¹
859 2448 900 2476 24
920 2441 997 2477 post
1011 2438 1129 2467 officiis
1145 2437 1220 2468 add.
1237 2438 1302 2468 tuis
1323 2438 1512 2480 [Vesenberg
