1742 2651
128 852 165 874 10

128 1176 163 1206 ¹5

125 1501 163 1522 20

590 142 701 178 EPP.
735 141 812 177 AD
843 141 1100 179 ATTICVM
1482 144 1528 180 X.
1552 153 1613 179 xv

186 253 293 292 Servi
329 252 494 292 consilio
524 251 620 289 nihil
651 251 864 302 expeditur.
925 252 1077 290 Omnes
1107 251 1309 302 captiones
1339 252 1378 289 in
1409 251 1518 291 omni

185 317 380 356 sententia
414 324 634 355 occurrunt.
694 319 828 354 Vnum
865 317 908 355 C.
948 318 1181 354 Marcellum
1217 317 1384 366 cognovi
1420 317 1518 355 timi-

184 383 361 430 diorem3
399 395 517 432 quem
548 383 750 419 consulem
782 381 898 419 fuisse
928 380 1111 430 paenitet.
1162 382 1213 418 ’Ὼ
1243 385 1389 431 πολλῆς
1418 385 1518 434 ἀγεν-

184 449 302 488 velas!
360 447 427 497 qui
475 447 591 485 etiam
641 446 859 484 Antonium
900 447 1153 485 confirmasse
1192 447 1335 485 dicitur
1372 454 1414 484 ut
1454 461 1516 485 me

185 512 403 563 impediret,
440 525 520 561 quo
558 511 652 561 ipse,
694 512 823 557 credo,
865 510 1078 549 honestius.
1149 511 1346 549 Antonius
1384 520 1516 550 autem
1538 520 1561 557 3

186 591 225 615 VI
263 579 358 616 Idus
395 578 573 626 Capuam
609 577 806 626 profectus
838 583 906 613 est.
967 577 1030 613 Ad
1066 590 1128 614 me
1161 577 1265 614 misit
1296 590 1337 614 se
1367 578 1518 626 pudore

185 643 414 682 deterritum
449 643 499 680 ad
534 655 597 680 me
632 655 710 679 non
747 640 898 679 venisse
933 642 1042 690 quod
1079 655 1141 679 me
1177 641 1250 680 sibi
1290 655 1518 680 suscensere

185 716 348 758 putaret.
410 707 536 745 Ibitur
565 707 679 756 igitur
708 714 745 744 et
775 706 827 743 ita
858 706 1019 755 quidem
1050 714 1092 744 ut
1122 720 1269 753 censes,
1302 707 1376 745 nisi
1406 707 1517 745 cuius

183 772 367 823 gravioris
392 785 582 822 personae
608 770 882 820 suscipiendae
907 784 995 820 spes
1023 770 1093 808 erit
1120 779 1211 810 ante
1236 773 1378 810 oblata.
1438 773 1516 810 Sed

184 837 246 875 vix
267 837 336 875 erit
358 845 437 874 tam
460 836 547 874 cito.
607 835 785 874 Allienus
806 843 938 874 autem
960 844 1114 885 praetor
1140 837 1303 886 putabat
1330 837 1514 886 aliquem,

184 902 215 941 si
254 916 327 952 ego
363 916 453 949 non,
492 916 538 940 ex
576 901 749 950 conlegis
788 901 878 938 suis.
953 901 1091 950 Quivis
1131 902 1220 940 licet
1259 903 1354 940 dum
1395 904 1517 941 modo

182 967 334 1017 aliquis.

240 1034 302 1071 De
328 1046 459 1071 sorore
486 1033 615 1070 laudo.
678 1033 738 1069 De
765 1031 916 1080 Quinto
943 1045 1066 1081 puero
1090 1034 1204 1070 datur
1231 1046 1374 1082 opera;
1403 1046 1517 1083 spero
1536 1042 1562 1079 4

184 1111 269 1136 esse
292 1097 462 1135 meliora.
525 1099 586 1135 De
609 1096 761 1145 Quinto
782 1098 896 1134 fratre
921 1096 1019 1134 scito
1045 1110 1135 1134 eum
1160 1110 1240 1135 non
1269 1097 1518 1136 mediocriter

185 1163 360 1201 laborare
382 1163 432 1201 de
452 1175 608 1200 versura
635 1162 704 1199 sed
728 1162 859 1199 adhuc
884 1161 980 1198 nihil
1004 1174 1027 1198 a
1052 1163 1094 1199 L.
1120 1162 1288 1211 Egnatio
1317 1162 1514 1212 expressit.

184 1227 307 1265 Axius
337 1229 386 1266 de
414 1227 626 1265 duodecim
656 1226 813 1263 milibus
844 1227 1021 1275 pudens!
1090 1227 1215 1276 Saepe
1245 1226 1350 1265 enim
1380 1229 1431 1265 ad
1461 1241 1518 1265 me

183 1291 336 1341 scripsit
366 1300 407 1329 ut
433 1291 562 1329 Gallio
593 1298 785 1340 quantum
813 1290 843 1327 is
874 1292 988 1328 vellet
1016 1291 1161 1329 darem.
1222 1292 1343 1339 Quod
1373 1291 1404 1329 si
1435 1306 1515 1330 non

183 1356 409 1405 scripsisset,
440 1370 650 1407 possemne
677 1355 816 1393 aliter?
874 1356 924 1392 Et
951 1355 1112 1404 quidem
1144 1369 1260 1405 saepe
1289 1369 1376 1394 sum
1406 1357 1516 1406 polli-

183 1421 281 1459 citus
314 1423 383 1460 sed
413 1430 565 1460 tantum
595 1421 717 1459 voluit
747 1420 835 1458 cito.
898 1422 966 1458 Me
996 1434 1087 1458 vero
1125 1420 1356 1459 adiuvarent
1386 1421 1445 1459 his
1475 1421 1515 1460 in

182 1486 381 1536 angustiis.
455 1487 533 1524 Sed
567 1485 607 1524 di
642 1485 760 1523 istos!
830 1487 977 1523 Verum
1012 1485 1117 1522 alias.
1177 1487 1236 1523 Te
1269 1499 1292 1523 a
1326 1494 1516 1535 quartana

182 1550 388 1588 liberatum
427 1552 581 1600 gaudeo
621 1550 794 1599 itemque
836 1549 984 1587 Piliam.
1063 1551 1158 1599 Ego,
1192 1551 1287 1588 dum
1327 1550 1438 1600 panis
1477 1559 1515 1589 et

182 1623 311 1653 cetera
340 1616 379 1653 in
411 1630 550 1654 navem
581 1623 774 1666 parantur,
803 1628 964 1653 excurro
993 1614 1032 1652 in
1064 1615 1363 1665 Pompeianum.
1423 1618 1514 1654 Vet-

182 1680 289 1719 tieno
321 1680 436 1720 velim
471 1681 610 1730 gratias
640 1682 748 1728 quod
779 1680 977 1719 studiosus
1003 1680 1075 1727 sit3
1116 1680 1146 1718 si
1174 1694 1415 1730 quemquam
1450 1695 1513 1720 na-

182 1753 267 1783 ctus
288 1746 361 1784 eris
383 1745 449 1795 qui
471 1747 646 1795 perferat,
671 1746 815 1784 litteras
837 1747 907 1784 des
927 1753 1018 1783 ante
1040 1759 1158 1795 quam
1179 1745 1431 1784 discedimus.

225 1890 336 1925 XVI
439 1893 508 1924 Ser.
529 1894 563 1923 in
583 1894 735 1924 Cinnano
748 1893 833 1933 prid.
854 1892 903 1924 Id.
925 1892 1006 1924 Mai.
1027 1904 1055 1924 a.
1078 1903 1131 1932 705
1150 1892 1237 1934 (49).

591 1987 759 2018 CICERO
782 1988 814 2017 A
826 1987 971 2018 TTICO·
987 1986 1094 2019 SAL.

235 2073 505 2111 Commodum
539 2072 590 2109 ad
627 2078 664 2109 te
699 2072 885 2109 dederam
920 2071 1064 2109 litteras
1099 2072 1149 2109 de
1184 2071 1359 2121 pluribus
1394 2072 1509 2110 rebus
1530 2084 1546 2111 Ι

179 2150 268 2174 cum
290 2137 340 2174 ad
369 2150 432 2174 me
462 2136 563 2173 bene
591 2149 706 2173 mane
729 2135 941 2185 Dionysius
966 2135 1047 2173 fuit.
1109 2135 1215 2184 Quoi
1245 2136 1405 2185 quidem
1436 2151 1509 2186 ego

221 2252 242 2280 9
266 2241 502 2280 suscipiendae
519 2239 715 2270 Ascensins:
742 2240 960 2279 suscipienda
977 2238 1018 2269 M
1128 2250 1166 2279 15
1190 2251 1331 2271 versura
1351 2240 1508 2271 Vrsinus:

179 2294 279 2314 usura
297 2284 338 2313 M
530 2285 569 2312 16
594 2293 646 2313 me
670 2282 746 2314 add.
772 2283 883 2313 Vrsini
899 2290 904 2298 ⁵
918 2286 1006 2313 vetus
1022 2283 1116 2313 liber’
1323 2295 1361 2323 19
1385 2285 1438 2315 his
1456 2285 1507 2325 in]

177 2327 228 2357 lzt'c
242 2327 356 2357 desinit
377 2325 422 2356 W
550 2337 587 2356 21
615 2327 711 2365 panis
728 2327 831 2357 Boot:
857 2337 963 2365 panes
980 2327 1067 2357 codd.
1086 2338 1093 2357 :
1117 2337 1227 2366 penus
1244 2328 1335 2358 Koclz
1469 2339 1510 2367 23

174 2374 250 2410 post
267 2371 394 2409 gratias
417 2370 556 2400 addend.
574 2380 655 2408 agas
675 2371 754 2401 coni.
780 2369 975 2410 lVesetzbm'g,
995 2370 1053 2400 sed
1074 2371 1110 2409 cf.
1129 2372 1194 2402 xvi.
1215 2382 1242 2410 7.
1258 2382 1276 2410 5
1389 2372 1430 2401 sit
1449 2371 1509 2401 M:

179 2418 231 2443 est
253 2412 328 2444 Vict.
463 2415 504 2443 28
529 2413 604 2454 fuit]
628 2415 720 2444 venit
743 2413 941 2454 Isls'csenbmg,
959 2413 1015 2444 scd
1032 2414 1068 2452 cf.
1088 2425 1116 2453 4.
1132 2415 1171 2444 8:
1198 2425 1272 2445 cum
1296 2415 1361 2445 tuis
1383 2416 1438 2455 (sc.
1460 2415 1507 2444 lst-

179 2458 251 2487 teris
266 2458 358 2496 veni(
383 2457 506 2487 Gurlz'll
