1742 2651
567 150 678 187 EPP.
709 150 786 185 AI)
817 147 1075 185 ATTICVM
1430 145 1500 182 XI.
1525 144 1585 180 xii

162 262 373 312 multisque
404 260 587 300 mandavi
617 274 680 299 me
709 273 790 298 non
820 258 1006 309 potuisse,
1030 271 1152 307 quom
1184 256 1392 306 cupissem,
1419 270 1492 294 ser-

161 341 300 366 mones
334 326 542 365 hominum
574 325 774 371 sustinere,
812 325 1014 372 multaque
1046 323 1085 360 in
1120 336 1206 360 eam
1243 321 1489 360 sententiam.

162 392 271 430 Nihil
301 392 407 430 enim
437 400 518 430 erat
548 391 657 441 quod
687 389 816 428 minus
844 402 934 426 eum
955 389 1096 426 vellem
1122 387 1342 425 existimare
1372 400 1491 436 quam

161 470 225 494 me
254 464 362 494 tanta
392 457 442 495 de
471 470 511 494 re
541 469 622 494 non
653 468 742 493 meo
772 453 937 492 consilio
967 466 1082 490 usum
1113 465 1208 490 esse.
1270 453 1492 500 Posteaque

125 534 141 565 5
161 535 283 571 quom
308 521 403 559 mihi
429 521 578 559 litterae
604 534 627 558 a
656 520 781 557 Balbo
803 517 990 557 Cornelio
1017 518 1168 555 minore
1199 516 1340 554 missae
1361 524 1491 555 essent

161 587 272 624 illum
311 586 531 625 existimare
572 585 766 634 Quintum
805 585 962 621 fratrem
1005 582 1188 619 ‘lituum’
1224 595 1335 619 meae
1367 583 1493 630 profe-

162 651 303 689 ctionis
333 651 451 689 fuisse
486 651 556 701 (ita
591 650 695 688 enim
731 648 913 699 scripsit),
948 647 1015 697 qui
1046 648 1226 685 nondum
1257 660 1491 696 cognossem

162 730 263 766 quae
283 717 333 754 de
355 729 417 754 me
440 715 612 764 Quintus
637 713 853 763 scripsisset
882 714 933 750 ad
961 713 1116 757 multos,
1140 711 1210 749 etsi
1239 713 1362 749 multa
1388 725 1494 761 prae-

162 794 251 818 sens
282 780 321 818 in
346 788 592 829 praesentem
622 779 763 816 acerbe
790 778 939 816 dixerat
968 785 1007 815 et
1031 778 1185 823 fecerat,
1212 784 1344 814 tamen
1369 775 1492 814 nihilo

106 860 143 881 10
163 846 292 883 minus
312 845 372 882 his
392 845 519 882 verbis
539 845 590 882 ad
611 845 819 882 Caesarem
841 841 976 892 scripsi
996 857 1003 879 ε

219 914 227 930 ‘
246 913 306 948 De
337 910 489 958 Quinto
518 910 633 946 fratre
663 922 752 946 meo
783 921 863 945 non
894 907 1024 945 minus
1048 907 1184 945 laboro
1209 920 1327 956 quam
1352 908 1402 945 de
1429 920 1492 945 me
1509 913 1534 940 2

162 976 259 1026 ipso,
296 976 365 1013 sed
405 988 495 1012 eum
535 973 605 1011 tibi
646 974 926 1012 commendare
961 973 1038 1010 hoc
1077 986 1167 1010 meo
1201 979 1378 1021 tempore
1412 986 1492 1010 non

162 1042 300 1078 audeo.
364 1041 467 1077 Illud
497 1041 699 1078 dumtaxat
728 1045 859 1076 tamen
881 1037 1040 1075 audebo
1070 1045 1202 1087 petere
1229 1038 1299 1075 abs
1326 1045 1364 1075 te
1385 1038 1493 1087 quod

163 1113 310 1155 potero,
343 1119 392 1143 ne
423 1104 519 1154 quid
547 1103 744 1141 existimes
776 1103 827 1140 ab
862 1102 928 1140 illo
960 1103 1107 1139 factum
1137 1115 1221 1140 esse
1253 1116 1332 1152 quo
1364 1102 1494 1141 minus

106 1183 143 1214 15
163 1185 250 1208 mea
272 1171 309 1208 in
332 1178 369 1208 te
391 1170 519 1207 officia
541 1175 766 1207 constarent
787 1167 965 1206 minusve
990 1175 1028 1206 te
1055 1167 1255 1216 diligerem
1282 1167 1493 1218 potiusque

162 1249 316 1285 semper
337 1235 446 1272 illum
468 1242 669 1272 auctorem
699 1241 855 1272 nostrae
886 1232 1176 1271 coniunctionis
1197 1233 1315 1271 fuisse
1336 1234 1494 1283 meique

162 1301 309 1339 itineris
348 1300 547 1346 comitem,
584 1313 665 1338 non
699 1300 856 1337 ducem.
916 1300 1006 1346 Qua
1045 1312 1084 1336 re
1124 1298 1260 1337 ceteris
1299 1298 1339 1335 in
1378 1299 1493 1337 rebus

162 1373 314 1404 tantum
336 1365 371 1404 ei
392 1365 539 1403 tribues
560 1372 751 1414 quantum
769 1363 994 1401 humanitas
1015 1370 1082 1401 tua
1101 1362 1352 1413 amicitiaque
1368 1372 1494 1402 vestra

161 1433 343 1481 postulat.
404 1432 490 1480 Ego
517 1429 552 1468 ei
578 1443 628 1467 ne
653 1429 749 1479 quid
772 1430 879 1478 apud
901 1436 938 1466 te
959 1428 1099 1475 obsim,
1122 1427 1161 1467 id
1183 1435 1221 1467 te
1241 1429 1494 1467 vehementer

104 1510 143 1532 20
161 1496 279 1534 etiam
300 1504 419 1547 atque
440 1495 557 1534 etiam
579 1496 698 1545 rogo.'

216 1563 307 1611 Qua
334 1575 373 1599 re
401 1560 432 1599 si
456 1560 544 1610 quis
568 1572 800 1609 congressus
830 1558 945 1597 fuerit
973 1557 1069 1596 mihi
1096 1571 1186 1596 cum
1216 1559 1393 1605 Caesare,
1421 1558 1492 1597 etsi
1513 1566 1537 1603 3

161 1640 241 1664 non
273 1625 414 1664 dubito
446 1625 542 1675 quin
577 1625 608 1662 is
643 1624 740 1663 lenis
779 1624 819 1661 in
853 1623 964 1661 illum
999 1624 1150 1661 futurus
1182 1622 1230 1661 sit
1262 1623 1381 1673 idque
1415 1623 1492 1662 iam

160 1691 425 1738 declaraverit,
462 1704 536 1741 ego
570 1698 702 1728 tamen
742 1689 773 1727 is
808 1703 873 1727 ero
908 1688 975 1738 qui
1011 1702 1164 1738 semper
1198 1688 1262 1726 fui.
1327 1691 1415 1735 Sed,
1450 1697 1493 1728 ut

160 1757 288 1804 video,
312 1759 436 1795 multo
464 1756 586 1807 magis
614 1763 672 1794 est
696 1755 811 1793 nobis
838 1755 1099 1793 laborandum
1121 1755 1170 1792 de
1187 1754 1343 1801 Africa3
1372 1768 1491 1804 quam

103 1835 141 1865 25
161 1822 322 1872 quidem
351 1830 392 1860 tu
420 1821 556 1860 scribis
587 1820 808 1859 confirmari
837 1819 983 1858 cotidie
1014 1818 1136 1868 magis
1165 1820 1215 1857 ad
1246 1818 1491 1857 condicionis

160 1901 271 1937 spem
299 1900 418 1936 quam
445 1886 640 1924 victoriae.
702 1886 823 1934 Quod
852 1884 1001 1922 utinam
1029 1883 1082 1921 ita
1109 1886 1233 1921 esset!
1274 1884 1351 1921 Sed
1376 1885 1492 1934 longe

159 1951 270 1989 aliter
303 1965 388 1989 esse
422 1951 607 2001 intellego
646 1958 764 1999 teque
804 1949 932 1999 ipsum
969 1948 1021 1986 ita
1060 1947 1281 1987 existimare
1314 1947 1489 1995 arbitror,

158 2015 269 2054 aliter
283 2023 415 2054 autem
437 2015 605 2054 scribere
622 2028 702 2053 non
722 2014 882 2052 fallendi
900 2014 969 2052 sed
981 2008 1246 2051 'confirmandi
1266 2012 1343 2050 mei
1359 2026 1490 2060 causa,

159 2080 385 2130 praesertim
407 2094 497 2118 cum
518 2079 753 2129 adiungatur
773 2080 823 2117 ad
844 2078 1018 2116 Africam
1041 2077 1159 2116 etiam
1182 2077 1387 2128 Hispania.

100 2159 140 2189 30
213 2146 335 2194 Quod
378 2158 441 2183 me
484 2145 676 2182 admones
716 2151 758 2181 ut
801 2143 969 2182 scribam
1014 2144 1065 2181 ad
1099 2142 1319 2181 Antonium
1360 2151 1399 2182 et
1437 2144 1533 2187 ad4

206 2260 218 2280 1
245 2260 297 2280 me
318 2249 364 2278 W
377 2250 462 2280 Crat.
483 2261 490 2280 z
527 2259 590 2280 om.
611 2252 665 2279 ΣΔ
797 2258 817 2287 5
841 2258 939 2287 quom
962 2248 1054 2278 Man.
1076 2248 1118 2287 (is
1135 2247 1224 2287 cum)
1243 2259 1250 2278 ε
1284 2258 1382 2287 quam
1402 2245 1492 2277 MW

157 2304 178 2333 9
202 2293 350 2334 dixerat]
371 2294 420 2323 lzic
441 2293 558 2323 desinit
577 2292 622 2321 W
747 2292 853 2322 nihilo
879 2292 988 2321 minus
1014 2292 1066 2321 his
1090 2290 1268 2322 Graevius:
1293 2292 1312 2322 l.
1333 2292 1485 2322 lomeous

158 2336 214 2366 M1
232 2349 238 2367 :
255 2338 274 2368 l.
294 2347 369 2367 meo
387 2337 427 2367 iis
444 2336 500 2366 M2
516 2349 522 2367 :
550 2336 591 2366 de
609 2346 650 2366 eo
676 2335 730 2366 his
752 2335 846 2366 Man.
963 2345 1012 2373 13,
1036 2345 1073 2372 14
1099 2335 1188 2374 quod
1205 2339 1323 2374 potero
1342 2334 1484 2365 Miiller:

157 2381 247 2419 quod
265 2385 298 2410 te
314 2391 374 2411 oro
392 2380 479 2411 codd.
499 2391 505 2410 ε
529 2379 619 2419 quod
636 2379 743 2410 debeo
760 2378 860 2409 Reid:
888 2379 998 2418 quoad
1017 2383 1050 2408 te
1068 2379 1183 2408 videro
1200 2378 1290 2408 Koch

201 2444 263 2465 cxc.
282 2444 330 2464 AD
346 2443 419 2465 ATT.
1357 2433 1397 2464 25
