1742 2651
602 122 713 158 EPP.
746 121 822 157 AD
855 120 1114 157 ATTICVM
1416 115 1568 154 X111.i

193 234 291 273 xeris
323 241 359 272 et
394 233 424 271 si
459 234 509 272 de
543 232 709 282 epistula
740 231 944 270 certiorem
977 244 1040 268 me
1072 230 1218 276 feceris,
1244 229 1400 268 dederis
1431 227 1526 266 mihi

192 301 300 350 quod
339 300 390 337 ad
428 306 466 336 te
504 297 699 344 scribam;
742 296 773 335 si
813 296 953 343 minus,
985 295 1153 334 scribam
1193 303 1325 333 tamen
1364 294 1523 345 aliquid.

193 366 423 415 Numquam
454 363 558 402 enim
589 363 723 401 deerit.

236 474 284 509 II
474 475 543 507 Ser.
562 476 595 505 in
619 475 809 506 Tusculano
826 475 862 506 ix
878 475 919 505 K.
940 475 1015 505 Iun.
1037 485 1067 504 a.
1091 483 1148 514 709
1168 473 1251 513 (45).

156 554 173 585 5
601 551 771 582 CICERO
803 550 985 581 ATTICO
1019 549 1122 581 SAL.

248 625 405 665 Gratior
438 625 534 664 mihi
567 624 742 663 celeritas
778 631 845 661 tua
875 636 995 673 quam
1030 622 1115 672 ipsa
1148 636 1217 661 res.
1280 622 1388 671 Quid
1424 621 1528 660 enim
1553 627 1602 666 U)

194 691 424 741 indignius?
482 691 560 728 Sed
590 689 666 726 iam
697 690 746 726 ad
788 687 860 725 ista
885 687 1145 725 obduruimus
1176 696 1213 725 et
1244 687 1530 725 humanitatem

194 770 355 794 omnem
386 755 575 794 exuimus,
635 756 741 791 Tuas
772 753 918 791 litteras
949 752 1069 790 hodie
1110 753 1399 802 exspectabam,
1434 751 1529 789 nihil

194 820 381 871 equidem
412 828 453 858 ut
483 834 529 858 ex
559 819 604 857 iis
634 819 752 865 novi,
782 817 879 867 quid
909 817 1046 855 enim?
1075 831 1209 855 verum
1241 825 1426 856 tamen—

139 942 178 964 10
239 929 287 964 ῙῙ
304 941 329 964 a
483 931 554 962 Ser.
572 931 604 961 in
627 930 812 960 Tusculano
829 929 862 959 vi
875 929 917 960 K.
938 929 1016 960 Iun.
1035 940 1066 959 a.
1090 939 1148 968 709
1168 929 1248 969 (45).

602 1006 774 1037 CICERO
807 1005 988 1036 ATTICO
1019 1005 1126 1036 SAL.

248 1081 381 1133 Oppio
411 1089 450 1120 et
478 1082 604 1120 Balbo
631 1081 816 1130 epistulas
843 1079 983 1117 deferri
1010 1078 1175 1125 iubebis,
1199 1085 1237 1117 et
1262 1086 1393 1116 tamen
1423 1077 1526 1116 Piso—
1547 1092 1562 1118 1

193 1161 284 1186 nem
306 1147 432 1185 sicubi
454 1148 504 1185 de
525 1159 629 1184 auro.
692 1144 878 1182 Faberius
901 1144 931 1181 si
955 1143 1114 1190 venerit,
1137 1143 1289 1181 videbis
1310 1151 1352 1181 ut
1373 1151 1525 1181 tantum
1548 1145 1589 1175 1¹¹
1610 1137 1640 1173 Ῑ)

193 1213 437 1259 attribuatur,
471 1212 502 1249 si
534 1212 655 1249 modo
685 1209 928 1256 attribuetur,
965 1217 1156 1259 quantum
1179 1209 1354 1248 debetur.
1415 1208 1527 1246 Acci-

137 1292 172 1323 ¹5
192 1278 275 1329 pies
295 1279 345 1316 ab
368 1280 498 1316 Erote.

247 1345 470 1383 Ariarathes
488 1343 740 1382 Ariobarzani
762 1342 863 1380 filius
882 1343 1054 1379 Romam
1075 1340 1191 1379 venit.
1242 1342 1347 1385 Vult,
1371 1339 1520 1389 opinor,
1544 1352 1568 1379 2

192 1424 355 1460 regnum
389 1410 551 1460 aliquod
583 1422 712 1447 emere
747 1422 769 1446 a
803 1409 996 1450 Caesare;
1031 1419 1122 1443 nam
1157 1418 1237 1455 quo
1267 1406 1388 1442 modo
1419 1417 1525 1442 nunc
1547 1396 1637 1436 (¹¹27

192 1484 261 1522 est,
295 1477 438 1526 pedem
474 1476 541 1514 ubi
573 1483 694 1525 ponat
729 1474 768 1511 in
799 1486 871 1511 suo
907 1486 987 1510 non
1023 1472 1151 1509 habet.
1226 1470 1403 1508 Omnino
1434 1483 1525 1507 eum

193 1541 341 1579 Sestius
371 1550 504 1580 noster
530 1542 724 1592 parochus
755 1539 937 1590 publicus
968 1536 1175 1587 occupavit
1191 1551 1200 1583 3
1230 1537 1337 1585 quod
1363 1534 1524 1584 quidem

135 1622 174 1643 20
193 1607 306 1646 facile
340 1608 476 1657 patior.
536 1610 684 1646 Verum
712 1614 856 1653 tamen,
881 1606 989 1655 quod
1020 1603 1115 1642 mihi
1146 1615 1302 1640 summo
1329 1599 1525 1638 beneficio

194 1686 283 1711 meo
305 1687 446 1723 magna
466 1687 557 1711 cum
585 1672 765 1712 fratribus
791 1671 892 1710 illius
917 1669 1168 1709 necessitudo
1195 1674 1264 1712 est,
1287 1665 1409 1703 invito
1434 1679 1523 1703 eum

193 1752 261 1788 per
290 1738 436 1776 litteras
456 1746 498 1776 ut
518 1739 625 1788 apud
647 1752 709 1776 me
731 1739 965 1777 deversetur.
1026 1736 1090 1773 Ad
1112 1747 1198 1771 eam
1227 1745 1308 1770 rem
1329 1744 1419 1770 cum
1441 1729 1525 1768 mit-

193 1811 314 1842 tere-m
337 1805 617 1850 Alexandrum,
643 1804 710 1841 has
733 1803 767 1841 ei
790 1803 882 1841 dedi
905 1802 1061 1840 litteras.

238 1909 286 1944 II
303 1911 330 1943 b
480 1911 550 1943 δυ’.
568 1913 601 1942 in
622 1911 808 1942 Tusculano
825 1912 855 1941 iv
873 1911 913 1942 K.
936 1911 1010 1941 Iun.
1032 1920 1061 1941 α.
1085 1920 1142 1949 709
1163 1908 1246 1949 (45).

136 1995 173 2027 ²5
596 1989 766 2020 CICERO
799 1988 979 2019 ATTICO
1014 1986 1120 2018 SAL.

248 2063 343 2102 Cras
382 2062 496 2112 igitur
529 2062 660 2101 auctio
695 2062 904 2100 Peducaei.
963 2062 1065 2100 Cum
1104 2058 1249 2110 poteris
1289 2071 1405 2108 ergo,
1451 2056 1523 2095 etsi
1544 2058 1631 2097 (1137

193 2126 382 2178 impediet
411 2129 573 2166 fortasse
598 2127 795 2165 Faberius.
855 2127 932 2165 Sed
954 2134 1086 2164 tamen
1113 2137 1204 2162 cum
1224 2123 1368 2162 licebit.
1430 2121 1522 2159 Dio-

193 2193 325 2242 nysius
360 2201 493 2231 noster
523 2192 687 2243 graviter
716 2192 888 2242 queritur
917 2199 955 2229 et
987 2199 1119 2228 tamen
1153 2189 1235 2227 iure
1265 2202 1288 2226 a
1319 2186 1520 2237 discipulis

241 2308 277 2327 12
302 2304 335 2329 et
353 2298 480 2338 tamen]
496 2297 652 2328 examina
664 2295 813 2327 Sclmudt
953 2295 994 2325 26
1021 2304 1104 2332 ergo
1119 2296 1141 2325 Σ
1161 2292 1247 2323 Crat.
1263 2304 1269 2324 :
1295 2303 1360 2322 0111.
1374 2296 1402 2321 Δ
