1742 2651
81 125 151 162 IX.

176 125 251 160 xix
312 106 316 110 ’
596 126 707 162 EPP.
741 126 817 161 Ar)
850 123 1107 161 ATTICVM

188 236 315 274 modis
343 236 485 286 quibus
513 235 617 275 idem
645 237 855 282 adfecerat„
876 242 914 272 et
945 233 1060 272 simul
1082 234 1191 282 quod
1218 246 1265 271 ea
1291 246 1391 282 quae
1416 233 1515 270 fiunt

185 309 251 340 aut
273 315 373 352 quae
394 310 497 340 certe
517 303 645 339 futura
665 308 756 339 sunt
775 300 907 338 videre
929 313 1009 337 non
1031 312 1202 348 possum.
1260 297 1389 335 Etiam
1410 296 1515 346 equi-

185 368 277 405 dem
307 374 464 405 senatus
493 368 674 404 consulta
702 367 803 403 facta
829 365 1023 414 quaedam
1056 363 1132 401 iam
1163 370 1270 412 puto,
1294 361 1444 400 utinam
1475 361 1515 399 in

186 432 346 470 Volcaci
374 432 631 470 sententiam!
689 432 767 469 Sed
795 430 890 480 quid
918 431 1064 468 refert?
1105 437 1163 467 est
1191 428 1297 466 enim
1326 441 1403 465 una
1432 440 1515 465 sen-

186 496 306 535 tentia
333 497 521 534 omnium.
582 497 659 534 Sed
690 495 760 533 erit
792 494 1076 532 immitissimus
1106 493 1272 539 Servius,
1296 492 1363 542 qui
1392 491 1514 529 filium

186 561 289 599 misit
319 563 368 599 ad
399 562 650 610 effligendum
682 562 754 599 Cn.
780 559 1014 609 Pompeium
1045 566 1112 597 aut
1142 566 1245 597 certe
1276 557 1513 607 capiendum

187 641 277 665 cum
300 627 441 665 Pontio
462 626 674 664 Titiniano.
736 625 819 663 Etsi
844 625 907 663 hic
932 624 1094 674 quidem
1124 623 1272 661 timoris
1299 636 1429 670 causa,
1451 622 1514 660 ille

187 694 310 730 vero?
366 693 443 730 Sed
471 691 706 730 stomachari
736 691 962 729 desinamus
989 698 1027 728 et
1054 689 1269 739 aliquando
1299 687 1514 726 sentiamus

188 758 283 796 nihil
308 757 422 796 nobis
450 757 534 804 nisi,
557 757 597 796 id
618 758 726 807 quod
754 755 915 794 minime
940 757 1094 802 vellem,
1115 754 1293 804 spiritum
1320 753 1513 803 reliquum

188 837 283 862 esse.

143 896 170 934 3
243 890 338 935 Nos,
361 888 549 938 quoniam
579 901 763 937 superum
796 901 900 925 mare
928 886 1140 932 obsidetur,
1165 885 1289 923 infero
1319 884 1513 934 navigabi-

188 967 274 991 mus
309 961 360 999 et,
391 954 422 991 si
459 954 631 992 Puteolis
670 953 740 991 erit
774 952 942 998 difficile,
975 953 1191 991 Crotonem
1231 958 1409 1000 petemus
1448 958 1514 988 aut

187 1019 358 1057 Thurios
379 1027 415 1057 et
438 1019 531 1057 boni
552 1020 656 1057 cives
676 1026 853 1056 amantes
879 1017 1024 1067 patriae
1053 1030 1157 1055 mare
1185 1016 1370 1054 infestum
1399 1016 1515 1054 habe-

188 1084 327 1123 bimus.
387 1085 515 1122 Aliam
543 1084 734 1123 rationem
762 1083 878 1121 huius
908 1083 999 1121 belli
1026 1082 1187 1132 gerendi
1212 1084 1359 1120 nullam
1384 1081 1510 1119 video.

190 1152 235 1187 In
252 1152 473 1200 Aegyptum
491 1164 562 1188 nos
578 1151 780 1188 abdemus.
843 1148 1024 1187 Exercitu
1046 1161 1157 1198 pares
1174 1161 1258 1185 esse
1279 1161 1359 1185 non
1380 1160 1515 1197 possu-

143 1223 170 1261 4
189 1228 275 1252 mus
294 1230 299 1257 ;
330 1215 436 1264 pacis
457 1216 554 1253 fides
576 1216 682 1252 nulla
703 1222 770 1253 est.
831 1215 909 1252 Sed
930 1215 1026 1252 haec
1048 1213 1139 1251 satis
1161 1215 1362 1262 deplorata
1383 1221 1482 1250 sunt.

242 1282 304 1318 Tu
326 1280 441 1318 velim
463 1280 606 1318 litteras
629 1280 864 1330 Cephalioni
885 1281 954 1318 des
975 1281 1026 1318 de
1047 1279 1234 1317 omnibus
1261 1280 1376 1317 rebus
1404 1278 1513 1325 actis,

187 1345 360 1395 denique
389 1345 506 1383 etiam
534 1347 583 1383 de
610 1345 858 1384 sermonibus
888 1344 1106 1391 hominum,
1130 1344 1204 1382 nisi
1234 1346 1350 1394 plane
1378 1344 1514 1382 obmu-

187 1417 354 1449 tuerunt.
416 1412 500 1459 Ego
527 1411 602 1448 tuis
627 1411 801 1449 consiliis
826 1424 918 1448 usus
948 1424 1034 1448 sum
1063 1410 1311 1459 maximeque
1340 1410 1448 1458 quod
1476 1415 1513 1446 et

185 1475 411 1525 gravitatem
438 1476 475 1513 in
504 1490 714 1526 congressu
742 1484 875 1514 nostro
903 1476 1010 1514 tenui
1038 1489 1156 1525 quam
1185 1474 1305 1513 debui
1334 1481 1372 1513 et
1397 1482 1437 1511 ut
1461 1475 1512 1512 ad

186 1542 322 1579 urbem
351 1555 431 1579 non
457 1543 687 1580 accederem
714 1541 965 1592 perseveravi.
1029 1542 1150 1589 Quod
1179 1548 1354 1590 superest
1374 1539 1511 1585 scribe,

186 1620 346 1656 quaeso,
368 1621 485 1656 quam
516 1607 807 1645 accuratissime
830 1607 924 1657 (iam
955 1606 1059 1645 enim
1090 1614 1262 1644 extrema
1289 1605 1395 1653 sunt)
1417 1604 1513 1654 quid

186 1674 348 1722 placeat,
372 1672 467 1721 quid
489 1686 674 1720 censeas:
706 1673 776 1711 etsi
799 1672 874 1710 iam
897 1673 1004 1709 nulla
1025 1671 1220 1709 dubitatio
1241 1678 1309 1708 est.
1359 1671 1512 1707 Tamen

186 1736 217 1774 si
238 1736 333 1786 quid
355 1739 414 1775 vel
436 1738 565 1787 potius
587 1737 775 1787 quicquid
797 1736 926 1775 veniet
948 1736 986 1773 in
1011 1743 1183 1774 mentem
1206 1734 1351 1773 scribas
1372 1733 1499 1772 velim.

200 1851 282 1913 U20,
299 1851 334 1870 21
363 1846 397 1870 ut
414 1842 454 1870 ad
477 1841 589 1871 urbem
615 1851 681 1870 non
700 1839 782 1870 Ant,
801 1838 859 1869 FL
878 1839 1018 1879 (marg.)
1037 1838 1135 1869 Rom.
1155 1848 1161 1868 :
1197 1838 1239 1868 ad
1257 1837 1372 1867 urbem
1394 1841 1429 1867 ut
1447 1846 1513 1867 non

191 1893 203 1914 A
217 1890 220 1895 '
234 1884 288 1914 2I:
312 1895 377 1915 om.
396 1889 431 1914 ut
450 1884 504 1914 Ml

1535 502 1552 533 5

1537 833 1575 855 10

1536 1162 1573 1194 15

1535 1488 1574 1509 20
