1742 2651
91 813 130 834 10

92 1536 130 1557 20

560 105 672 141 ΕΡΡ.
706 105 783 140 AD
814 105 1073 143 ATTICVM
1369 105 1479 142 XVI.
1501 104 1531 140 ii

150 215 267 253 Nosti
298 214 456 264 reliqua.
519 217 579 252 De
610 214 729 252 Tutia
764 215 816 252 ita
850 223 1038 265 putaram.
1102 218 1163 254 De
1194 215 1369 255 Aebutio
1399 230 1479 254 non
1499 224 1524 263 5

149 282 268 318 credo
306 294 379 318 nec
418 287 550 317 tamen
582 294 676 318 curo
708 281 795 329 plus
830 293 947 329 quam
983 288 1035 318 tu.
1097 282 1244 319 Planco
1276 288 1314 319 et
1349 280 1482 331 Oppio

149 345 284 395 scripsi
316 344 501 394 equidem
532 344 721 395 quoniam
751 358 915 394 rogaras,
943 346 1025 392 sed,
1048 345 1079 383 si
1109 345 1180 383 tibi
1201 345 1408 392 videbitur,
1431 359 1482 384 ne

149 423 309 448 necesse
344 409 528 448 habueris
560 410 735 448 reddere.
797 411 900 449 Cum
933 410 1039 447 enim
1074 417 1141 448 tua
1170 424 1288 449 causa
1319 410 1483 449 fecerint

149 474 292 522 onmia,
325 488 460 513 vereor
491 488 541 512 ne
576 488 683 512 meas
714 474 861 513 litteras
891 488 1199 524 supervacaneas
1233 475 1480 514 arbitrentur.

149 540 282 590 Oppio
321 540 483 590 quidem
523 539 658 590 utique
697 553 816 589 quem
865 539 936 578 tibi
974 539 1256 578 amicissimum
1301 540 1479 590 cognovi.

148 607 297 643 Verum
319 613 361 642 ut
383 607 502 643 voles.

201 672 265 707 Tu
286 669 474 719 quoniam
495 669 631 707 scribis
652 669 915 708 hiematurum
943 677 980 708 te
1001 669 1041 708 in
1071 670 1202 720 Epiro,
1226 670 1362 709 feceris
1383 670 1479 708 mihi
1500 671 1527 707 6

148 742 299 784 gratum
321 734 352 772 si
379 742 470 772 ante
497 748 545 772 eo
565 735 716 772 veneris
744 749 862 784 quam
891 735 986 772 mihi
1014 736 1053 773 in
1076 736 1230 774 Italiam
1259 743 1296 774 te
1320 744 1481 775 auctore

149 799 389 838 veniendum
420 807 488 837 est.
550 798 714 838 Litteras
743 801 794 837 ad
829 813 892 837 me
927 814 1047 849 quam
1078 800 1331 850 saepissime3
1369 800 1400 838 si
1431 802 1480 839 de

148 866 264 903 rebus
300 865 428 902 minus
463 864 702 911 necessariis,
733 864 906 914 aliquem
946 874 1110 913 nactus;
1148 866 1208 904 sin
1242 874 1374 904 autem
1410 866 1481 904 erit

149 930 245 981 quid
276 930 412 976 maius,
444 931 566 967 domo
597 929 751 968 mittito.

202 995 486 1045 Ἡρακλείδειοιι,
506 994 537 1031 si
558 994 813 1032 Brundisium
830 995 935 1042 salvi,
954 996 1188 1035 adoriemur.
1233 1001 1241 1017 ‘
1257 1000 1318 1035 De
1338 997 1481 1048 gloria’

149 1061 237 1099 misi
266 1060 348 1099 tibi.
409 1059 620 1100 Custodies
649 1059 774 1110 igitur,
797 1068 840 1098 ut
868 1063 982 1109 soles,
1011 1064 1081 1100 sed
1115 1070 1301 1101 notentur
1330 1065 1482 1115 ἐκλογαὶ

149 1140 247 1176 quas
272 1125 423 1164 Salvius
450 1125 578 1163 bonos
604 1124 803 1163 auditores
830 1134 969 1165 nactus
997 1126 1037 1165 in
1067 1128 1249 1166 convivio
1275 1129 1479 1166 dumtaxat

148 1193 261 1241 legat.
313 1190 415 1229 Mihi
435 1191 549 1229 valde
569 1192 737 1240 placent,
759 1193 917 1230 mallem
938 1192 1020 1230 tibi.
1072 1193 1201 1231 Etiam
1221 1201 1341 1245 atque
1361 1193 1479 1233 etiarn

147 1258 243 1295 vale.

191 1363 265 1398 III
399 1365 470 1396 δον.
488 1366 521 1396 in
539 1365 744 1406 Pompeiano
759 1367 819 1397 xvi
832 1367 875 1397 K.
890 1367 982 1398 Sext.
1004 1379 1034 1399 a.
1056 1378 1113 1408 710
1129 1368 1217 1409 (44).

557 1443 729 1474 CICERO
753 1444 935 1475 ATTICO
959 1445 1065 1478 SAL.

203 1519 265 1555 Tu
286 1531 379 1555 vero
399 1516 595 1567 sapienter
616 1517 740 1567 (nunc
766 1519 927 1556 demum
949 1519 1055 1557 enim
1079 1520 1252 1558 rescribo
1272 1519 1318 1557 iis
1346 1519 1480 1558 litteris
1499 1529 1516 1556 1

149 1596 246 1632 quas
267 1582 363 1620 mihi
391 1582 529 1620 misisti
557 1590 754 1620 convento
775 1583 952 1622 Antonio
972 1584 1129 1635 Tiburi)
1149 1585 1344 1634 sapienter
1367 1585 1482 1634 igitur

149 1649 257 1698 quod
292 1661 432 1685 manus
471 1647 614 1686 dedisti
653 1649 842 1697 quodque
880 1648 998 1687 etiam
1038 1651 1139 1688 ultro
1177 1650 1317 1699 gratias
1356 1650 1478 1699 egisti.

149 1715 266 1752 Certe
292 1713 410 1760 enim,
433 1720 475 1750 ut
502 1712 649 1759 scribis,
672 1714 898 1751 deseremur
924 1714 1034 1752 ocius
1060 1728 1083 1752 a
1109 1728 1149 1752 re
1176 1714 1334 1764 publica
1360 1728 1480 1764 quam

148 1792 171 1816 a
200 1792 240 1816 re
268 1777 458 1815 familiari.
519 1778 641 1826 Quod
670 1791 762 1816 vero
790 1778 926 1816 scribis
951 1786 989 1817 te
1018 1780 1140 1828 magis
1165 1785 1203 1816 et
1229 1779 1351 1830 magis
1378 1781 1481 1818 dele-

149 1851 254 1882 ctare
286 1844 344 1882 ‘O
375 1842 475 1889 Tite,
504 1842 534 1880 si
566 1842 686 1892 quid,'
716 1856 834 1892 auges
868 1843 965 1881 mihi
994 1844 1192 1882 scribendi
1226 1844 1476 1884 alacritatem.

198 1959 207 1977 1
240 1947 288 1977 Dc
307 1951 378 1977 tuta
395 1946 449 1975 via
467 1946 655 1976 dubitaram
679 1945 833 1976 Schmidt
998 1947 1148 1978 Aebutio
1171 1942 1313 1981 Z7'valff.
1334 1960 1340 1979 :
1366 1949 1479 1979 ebutio

151 1991 238 2021 OR:
264 1991 387 2020 enictio
412 1989 468 2020 M:
493 1989 655 2019 Ventidio
679 1989 832 2019 Schmidt
961 1991 982 2019 6
1005 1992 1243 2021 amicissimum
1271 1992 1372 2023 Visa:
1412 2004 1480 2023 am-

149 2035 336 2074 plissimum
369 2032 408 2062 ,Μ
544 2044 582 2062 10
605 2033 633 2062 si
665 2033 748 2064 Ant.
777 2031 843 2063 Zb:
878 2034 939 2064 sed
973 2033 1012 2063 M
1155 2045 1191 2065 12
1226 2037 1324 2066 domo
1356 2037 1480 2067 mittito

148 2078 341 2108 EORsBcr.
360 2089 367 2106 ι
385 2077 463 2107 dum
478 2077 625 2107 omittito
636 2076 692 2106 M:
712 2077 809 2107 domo
830 2077 925 2107 mitto
943 2078 963 2107 I
1069 2089 1104 2116 14
1129 2085 1294 2109 vocentur
1309 2079 1479 2110 Turnebus

149 2121 282 2158 Rosius,
307 2131 383 2151 cum
404 2120 567 2159 eclogarii
591 2120 739 2149 homines
761 2131 826 2150 non
855 2121 914 2150 loci
929 2123 1184 2161 praestantiores
1204 2134 1270 2153 esse
1291 2123 1475 2161 videantur,

149 2164 220 2194 vide
233 2164 332 2195 Clark
344 2165 377 2194 in
396 2164 624 2204 ‘Philologus’
639 2164 757 2202 (1901‘i
770 2175 800 2202 p.
816 2175 880 2203 209
970 2165 1104 2204 ἐκλογαῖ
1122 2166 1208 2196 Reid
1220 2179 1226 2197 :
1251 2167 1399 2206 eglogari
1416 2166 1458 2195 M
1467 2179 1474 2197 ε

150 2209 312 2247 eclogarii
331 2207 418 2247 vulg.
579 2217 616 2245 15
636 2217 720 2245 quas
737 2205 778 2236 Z⁶
796 2207 902 2238 Reid:
930 2219 1013 2247 quos
1032 2208 1090 2240 M:
1119 2220 1245 2248 quaeso
1269 2211 1347 2240 coni.
1380 2210 1477 2240 Clark

150 2262 191 2290 23
215 2251 323 2291 ocius]
343 2252 430 2281 otius
448 2249 507 2281 M:
531 2251 642 2289 potius
658 2249 733 2282 Vict.
838 2261 878 2289 24
903 2253 1010 2291 magis
1027 2257 1060 2282 et
1078 2254 1184 2292 magis
1203 2253 1323 2284 Rosius
1338 2265 1344 2283 ε
1370 2254 1476 2293 magis

151 2293 239 2325 CM:
263 2295 389 2325 cotidie
406 2295 514 2333 magis
530 2293 652 2323 Miiller
738 2294 905 2325 delectare
917 2296 995 2325 coni.
1012 2296 1144 2326 Baiter:
1169 2297 1231 2326 -ari
1249 2296 1335 2327 coda'.
1436 2306 1477 2335 25

143 2342 219 2411 ΰῦεί
232 2339 260 2369 si
277 2339 357 2378 quid
375 2338 450 2369 add.
467 2348 530 2377 cgo
547 2337 642 2368 Μαη.
658 2337 776 2369 Lamb.
870 2349 974 2378 auges
990 2338 1107 2370 Lamb.
1124 2351 1131 2371 τ
1156 2350 1240 2379 ages
1256 2336 1334 2370 MZt
1352 2352 1359 2370 :
1382 2341 1479 2371 addis

191 2393 246 2413 an.
