1742 2651
90 95 177 133 XV.
201 95 310 131 xxvi
596 97 652 133 M.
684 97 852 133 TVLLI
885 96 1191 136 CICERONIS

223 220 286 245 me
316 207 393 244 iam
421 206 497 244 iam
528 209 632 245 nolle
662 221 791 257 neque
822 207 917 245 mihi
947 221 1090 258 aquam
1120 222 1205 247 esse
1235 209 1342 247 tanti.
1402 211 1480 248 Sed
1511 217 1554 248 ut

222 271 318 309 mihi
339 271 512 319 dicebas,
533 285 651 321 quam
673 272 881 319 lenissime,
905 273 1035 322 potius
1056 281 1098 311 ut
1118 287 1210 311 cura
1230 274 1414 312 liberetur
1433 288 1553 324 quam

221 344 262 374 ut
284 350 346 374 me
367 350 593 374 suscensere
616 336 765 386 aliquid
793 337 1021 386 suspicetur.
1081 339 1183 376 Item
1205 339 1255 376 de
1282 338 1348 376 illo
1368 339 1553 378 Tulliano

219 401 346 451 capite
376 401 496 439 libere
520 414 611 438 cum
633 401 827 439 Cascellio
857 403 1027 451 loquere.
1089 404 1210 440 Parva
1236 416 1295 440 res
1323 411 1394 449 est,
1415 405 1484 441 sed
1511 411 1552 441 tu

218 465 321 503 bene
352 465 563 503 attendisti.
635 465 764 503 Nimis
799 465 939 504 callide
970 467 1167 515 agebatur.
1239 469 1324 517 Ego
1357 475 1489 505 autem
1521 467 1552 505 si
1572 482 1589 512 5

218 530 314 567 mihi
346 530 595 580 imposuisset
621 530 780 579 aliquid,
804 532 913 580 quod
943 544 1068 580 paene
1092 531 1183 569 fecit
1212 531 1286 569 nisi
1313 541 1379 569 tua
1406 532 1553 570 malitia

214 595 413 641 adfuisset,
443 595 577 633 animo
606 595 743 645 iniquo
775 597 961 634 tulissem.
1023 599 1173 647 Itaque,
1203 605 1244 635 ut
1278 605 1320 635 ut
1352 598 1433 644 erit,
1469 612 1551 636 rem

215 660 397 709 impediri
419 662 532 697 malo.
594 661 785 698 Octavam
816 669 966 710 partem
989 661 1082 699 †tuli
1110 662 1346 700 luminarum
1375 663 1550 700 medium

215 727 265 763 ad
300 734 428 763 strane
459 725 682 763 memineris
712 726 774 763 cui
806 726 1021 766 Caerellia†
1051 726 1192 765 videris
1227 727 1425 777 mancipio
1457 729 1551 766 dare

214 790 264 827 ad
300 803 385 827 eam
421 803 616 827 summam
652 804 752 839 quae
792 791 865 828 sub
904 804 1098 840 praecone
1137 791 1208 829 fuit
1248 791 1425 829 maxima.
1501 793 1548 830 Id
1571 810 1610 831 10

214 853 355 904 opinor
375 867 460 892 esse
482 866 685 892 cechxx.

170 932 194 969 5
268 919 372 956 Novi
402 919 433 956 si
463 919 559 968 quid
593 919 663 957 erit
697 928 816 969 atque
854 920 972 958 etiam
1007 920 1037 958 si
1067 920 1163 970 quid
1198 921 1410 971 prospicies
1441 923 1550 971 quod

214 985 386 1022 futurum
418 993 543 1034 putes,
572 984 717 1022 scribas
744 986 794 1023 ad
824 999 886 1024 me
911 1000 1030 1035 quam
1059 985 1285 1036 saepissime
1306 986 1433 1033 velim,
1456 989 1551 1025 Var-

213 1049 308 1095 roni,
342 1063 459 1098 quem
494 1051 544 1087 ad
580 1051 743 1088 modum
776 1050 847 1088 tibi
881 1051 1078 1098 mandavi,
1109 1051 1332 1089 memineris
1365 1066 1548 1090 excusare

213 1114 435 1152 tarditatem
458 1114 671 1152 litterarum
693 1129 879 1153 mearum.
941 1117 1119 1154 Mundus
1142 1116 1212 1154 iste
1233 1130 1323 1154 cum
1342 1118 1397 1154 M.
1416 1117 1548 1155 Ennio
1570 1136 1606 1167 ¹5

213 1179 309 1229 quid
341 1179 459 1229 egerit
494 1181 544 1218 de
579 1188 815 1219 testamento
844 1181 1038 1231 <curiosus
1067 1195 1151 1219 sum
1181 1181 1305 1233 enim)
1335 1182 1452 1220 facias
1485 1196 1547 1220 me

214 1243 329 1282 velim
351 1244 566 1282 certiorem.
629 1247 687 1283 Ex
707 1245 886 1295 Arpinati
909 1258 947 1283 vi
972 1247 1075 1284 Non.

256 1394 434 1429 XXVII
481 1397 549 1428 Scr.
567 1397 601 1428 in
619 1397 810 1438 Arpinativ
826 1397 913 1429 Non.
935 1397 1048 1437 Quint.
1066 1408 1097 1429 (ι.
1121 1408 1177 1438 710
1193 1399 1284 1439 (44).

621 1485 793 1516 CICERO
823 1485 1004 1516 ATTICO
1034 1485 1140 1518 SAL.

175 1589 191 1616 1
266 1576 433 1613 Gaudeo
458 1574 497 1613 id
522 1582 559 1612 te
587 1575 682 1612 mihi
710 1576 874 1613 suadere
895 1576 1002 1624 quod
1033 1589 1106 1624 ego
1137 1588 1223 1613 mea
1253 1582 1394 1625 sponte
1420 1574 1544 1625 pridie
1564 1588 1603 1609 20

210 1641 388 1678 feceram.
449 1641 553 1678 Nam
583 1653 673 1678 cum
703 1641 753 1678 ad
784 1648 822 1678 te
852 1652 891 1677 vl
924 1641 1061 1678 Nonas
1091 1642 1237 1687 darem,
1266 1640 1396 1678 eidem
1427 1640 1544 1678 tabel-

210 1707 304 1744 lario
325 1706 417 1745 dedi
438 1706 555 1744 etiam
577 1707 627 1744 ad
648 1706 817 1744 Sestium
844 1705 1006 1756 scriptas
1026 1707 1121 1744 πάνυ
1141 1707 1410 1758 φιλοστόργως.
1473 1707 1544 1744 Ille

207 1781 350 1817 autem,
375 1773 483 1821 quod
515 1773 700 1809 Puteolos
730 1770 988 1821 persequitur,
1015 1772 1198 1817 humane,
1222 1772 1330 1820 quod
1357 1770 1543 1820 queritur,

208 1837 361 1874 iniuste.
435 1838 528 1874 Non
567 1836 673 1874 enim
713 1849 786 1886 ego
825 1844 905 1873 tam
945 1835 1054 1873 illum
1094 1843 1318 1885 exspectare
1356 1837 1451 1874 dum
1491 1837 1542 1874 de

208 1903 368 1941 Cosano
394 1901 536 1939 rediret
563 1901 683 1940 debui
711 1914 830 1950 quam
858 1901 921 1938 ille
948 1908 1014 1938 aut
1038 1914 1119 1938 non
1146 1901 1199 1939 ire
1226 1909 1317 1939 ante
1337 1914 1455 1950 quam
1478 1914 1541 1938 me
1561 1913 1599 1944 25

208 1967 367 2005 vidisset
396 1974 463 2004 aut
487 1966 600 2004 citius
628 1966 777 2005 reverti.
838 1965 994 2003 Sciebat
1019 1965 1124 2003 enim
1155 1979 1218 2003 me
1248 1965 1422 2004 celeriter
1443 1967 1541 2004 velle

255 2082 267 2101 1
295 2082 414 2110 aquam
431 2071 619 2101 Turnebus:
645 2081 742 2109 quam
757 2066 835 2099 MZ‘
850 2081 855 2099 ς
881 2070 1060 2108 quicquam
1076 2068 1151 2100 Vict,
1224 2081 1243 2108 4
1268 2070 1406 2108 loquere
1420 2070 1539 2101 Orelli:

207 2115 346 2154 loquare
365 2114 405 2143 M
536 2126 551 2153 7
580 2121 614 2144 ut
632 2120 666 2143 ut
684 2114 766 2144 Ant.
781 2110 868 2143 FZ‘:
906 2118 943 2142 ut
968 2112 1009 2141 Μ
1138 2114 1157 2142 8
1182 2113 1300 2142 sustuli
1326 2113 1539 2143 luminarium

205 2160 338 2189 aedium
365 2158 521 2188 Asturae.
581 2157 776 2187 Memineris
801 2166 876 2186 cum
902 2156 1104 2185 Caerelliam
1129 2157 1255 2186 videris
1272 2157 1441 2195 mancipio
1459 2157 1540 2186 dare

205 2203 284 2232 coni.
303 2202 408 2232 Boot:
434 2201 661 2231 Tullianarum
680 2201 814 2230 aedium
828 2200 869 2229 ad
889 2200 1047 2229 Streniae
1068 2200 1125 2231 [ita
1143 2199 1280 2239 quidam
1304 2205 1355 2238 ap.
1376 2200 1495 2229 Lamh.
1513 2205 1541 2230 et

213 2246 394 2275 Turnebus*
430 2245 544 2274 deberi
582 2244 792 2279 Caerelliae;
840 2243 965 2272 videris
999 2243 1165 2282 mancipio
1197 2244 1278 2273 dare
1308 2242 1537 2284 Slmckbmglz.

211 2288 340 2319 Tullius
363 2293 410 2318 cst
440 2288 568 2317 Tullius
593 2287 786 2317 Montanus,
838 2286 888 2316 De
914 2287 1046 2316 nomine
1072 2286 1266 2316 Caerelliano
1294 2287 1330 2326 cf.
1359 2287 1417 2318 xii.
1441 2297 1494 2325 51.
1518 2297 1538 2325 3

210 2334 248 2362 16
274 2343 345 2362 sum
365 2333 452 2361 enim
487 2331 626 2370 Tin-rell:
652 2332 741 2360 enim
768 2329 827 2359 M:
852 2330 942 2359 enim
965 2340 1039 2359 sum
1067 2329 1256 2369 lVescnbmg
1396 2340 1438 2369 23
1462 2341 1537 2369 per-

207 2377 359 2411 sequitur
376 2374 462 2404 codd.
478 2378 606 2414 praeler
622 2374 681 2403 ill:
709 2374 924 2413 prosequitur
941 2373 998 2403 M:
1025 2373 1173 2412 sequitur
1190 2372 1276 2402 Reid
1393 2384 1434 2413 524
1459 2375 1536 2404 dum

210 2418 419 2458 lVesenhetg:
445 2428 519 2448 curn
537 2417 624 2448 codd.
