1742 2651
75 83 180 120 XIII

69 391 124 432 (111
147 392 176 427 1)

167 728 182 753 Ι

159 1507 182 1533 2

166 1893 182 1919 1

187 83 241 120 ,ii
259 83 284 119 1)
563 85 618 121 Μ.
651 85 819 121 TVLLI
851 85 1157 123 CICERONIS

196 194 336 231 abesse
364 201 441 231 tam
473 194 552 232 diu.
606 194 743 232 Multis
771 194 897 232 verbis
927 194 1079 244 scripsit
1106 196 1156 232 ad
1188 208 1260 239 me,
1284 194 1402 232 credo
1432 193 1524 232 item

196 259 245 296 ad
282 266 328 296 te.
390 258 491 296 Mihi
524 258 685 308 quidem
716 258 869 297 videtur
899 259 1015 297 etiam
1046 258 1191 296 diutius
1221 260 1407 296 afuturus.
1467 260 1526 296 Ac

198 325 368 370 nollemj
398 324 511 361 valde
532 323 637 361 6111111
659 323 862 361 hominem
884 323 1077 361 desidero.

252 389 287 425 A
323 395 359 426 te
394 388 539 425 litteras
579 388 867 437 exspectabam,
901 389 1079 426 nondum
1119 387 1291 435 scilicet3
1332 401 1423 425 nam
1457 388 1526 425 has

199 466 314 491 mane
335 451 609 490 rescribebam.
1546 461 1563 491 5

242 559 313 594 III
489 562 557 593 Ser.
579 563 612 592 ιἰι
634 562 819 593 Tusculano
833 563 868 592 1'1'1‘
882 563 923 593 K.
944 563 1019 593 Iun.
1041 574 1071 592 a.
1093 573 1151 602 709
1171 563 1250 602 (μ).

606 639 776 670 CICERO
808 639 988 670 AT'IYCO
1019 639 1125 670 SAL.

260 714 343 762 Ego
364 726 455 750 vero
480 711 552 749 ista
574 711 735 749 nomina
756 711 810 749 sie
833 712 959 761 probo
980 719 1022 749 ut
1043 711 1139 748 nihil
1159 711 1265 748 aliud
1289 724 1350 749 me
1373 718 1528 748 moveat

201 776 273 814 nisi
304 778 413 826 quod
442 784 481 814 tu
503 776 645 815 videris
675 776 866 814 dubitare.
928 778 1032 815 Illud
1061 776 1166 814 enim
1198 790 1277 814 non
1307 775 1458 825 accipio
1488 775 1527 812 in

201 844 345 881 bonam
378 849 539 891 partem,
574 844 677 890 quod
705 843 755 880 ad
792 855 854 879 me
882 843 1022 880 refers:
1053 841 1119 891 qui
1151 841 1181 879 si
1212 841 1294 891 ipse
1326 840 1526 890 negotium
1552 856 1587 876 10

199 922 331 945 meum
352 921 538 957 gererem,
562 907 656 944 nihil
677 920 850 957 gererem
872 906 945 944 nisi
967 907 1132 945 consilio
1159 914 1238 944 tuo.
1298 907 1375 944 Sed
1396 913 1527 943 tamen

199 973 382 1022 intellego
422 972 544 1022 magis
578 980 615 1010 te
648 971 687 1010 id
722 973 848 1009 faeere
887 971 1089 1021 diligentia
1119 985 1197 1021 qua
1228 984 1381 1021 semper
1411 970 1528 1008 uteris

199 1052 318 1087 quam
348 1039 456 1087 quod
487 1037 644 1076 dubites
673 1039 723 1076 de
753 1037 980 1075 nominibus
1011 1037 1103 1075 istis.
1164 1036 1322 1075 Etenim
1350 1035 1527 1075 Caelium

202 1117 282 1141 uon
313 1103 467 1153 probas,
499 1104 610 1152 plura
640 1116 719 1140 non
742 1102 808 1140 vis.
868 1104 1090 1151 Vtrumque
1120 1103 1248 1140 laudo.
1310 1101 1386 1139 His
1416 1101 1530 1151 igitur

199 1169 391 1207 utendum
414 1172 618 1217 †espraes†
638 1167 853 1217 aliquando
874 1169 998 1205 faetus
1019 1175 1121 1206 esset
1142 1167 1181 1204 in
1209 1166 1268 1204 his
1289 1166 1450 1216 quidem
1478 1173 1529 1204 ta·
1552 1180 1586 1210 15

199 1233 311 1272 bulis.
371 1235 406 1270 A
435 1247 497 1271 me
524 1233 638 1282 igitur
662 1232 805 1271 omnia.
867 1233 988 1281 Quod
1016 1232 1099 1270 dies
1129 1231 1281 1282 longior
1305 1239 1363 1269 est
1385 1230 1529 1281 (tenea-

201 1312 286 1336 mus
308 1299 430 1336 modo
450 1299 559 1347 quod
574 1297 785 1347 volumus),
802 1305 898 1346 puto
919 1298 1000 1335 fore
1022 1296 1135 1335 istam
1156 1296 1273 1335 etiam
1293 1310 1316 1334 a
1336 1309 1529 1346 praecone

200 1363 318 1409 diem,
337 1370 440 1400 certe
461 1363 512 1401 ab
533 1362 756 1400 heredibus.

258 1430 317 1466 De
351 1427 491 1477 Crispo
525 1435 563 1465 et
596 1429 769 1465 Mustela
800 1426 962 1473 videbis,
997 1434 1035 1465 et
1070 1426 1185 1465 velim
1217 1426 1315 1464 scire
1347 1440 1447 1476 quae
1481 1426 1530 1465 sit

202 1507 288 1542 pars
318 1494 498 1531 duorum.
560 1494 621 1530 De
643 1491 753 1529 Bruti
773 1493 945 1530 adventu
971 1505 1075 1529 eram
1104 1493 1228 1529 faetus
1255 1491 1404 1530 certior.
1464 1493 1530 1529 At·
1551 1506 1590 1526 20

202 1560 340 1596 tulerat
371 1558 476 1596 enim
509 1558 559 1595 ab
591 1572 639 1596 eo
672 1560 849 1607 Aegypta
880 1557 1040 1596 libertus
1072 1557 1228 1595 litteras.
1289 1556 1382 1595 Misi
1411 1557 1462 1595 ad
1493 1564 1530 1594 te

201 1623 419 1673 epistulam,
444 1622 536 1673 quia
556 1624 768 1661 commode
789 1622 932 1672 scripta
952 1630 1042 1660 erat.

244 1730 309 1764 IV
507 1732 575 1762 Ser.
594 1732 627 1761 1'11
649 1731 833 1761 Tusculano
850 1732 892 1762 K.
912 1732 989 1763 Iun.
1007 1744 1035 1762 [τ.
1059 1743 1116 1772 709
1136 1733 1217 1772 (45).

601 1809 772 1839 CICERO
806 1809 838 1838 Α
849 1809 988 1840 TTJCO
1019 1809 1123 1841 SAL.

259 1883 404 1921 Habeo
439 1895 581 1919 munus
615 1895 638 1918 a
672 1888 709 1919 te
744 1882 988 1919 elaboratum
1023 1884 1162 1920 decem
1202 1883 1443 1932 legatorum:
1492 1888 1529 1918 et
1552 1896 1589 1926 25

200 1947 361 1997 quidem
400 1949 443 1984 de
488 1947 680 1984 Dldz'tano
718 1947 814 1983 idem
853 1954 959 1995 puto.
1020 1949 1124 1985 Nam
1159 1946 1260 1984 filius
1299 1960 1404 1984 anno
1443 1954 1531 1995 post

245 2055 258 2074 1
285 2056 322 2076 se
334 2049 409 2085 post
424 2045 543 2075 abesse
563 2045 638 2075 add.
660 2045 792 2074 Ernesti
968 2056 1007 2076 10
1030 2047 1118 2085 quod
1135 2045 1211 2077 add.
1230 2045 1317 2076 Crat.
1423 2044 1480 2083 qui
1504 2045 1531 2074 si

201 2090 273 2128 ipse
294 2089 324 2118 Z
342 2100 368 2119 v.
387 2099 410 2119 c.
431 2088 458 2117 L
480 2089 621 2128 (marg.)
642 2088 727 2118 RF:
760 2087 871 2126 Quid?
905 2089 976 2127 ipse
1002 2095 1029 2119 Δ
1170 2099 1204 2119 11
1232 2088 1315 2119 nihil
1333 2097 1486 2127 gererem
1504 2088 1534 2118 Z

201 2144 230 2164 v.
249 2144 270 2163 s.
292 2133 319 2162 L
338 2133 480 2173 (flung.)
497 2132 632 2163 ORPI:
659 2143 725 2162 0111.
744 2137 771 2161 Δ
903 2142 939 2169 13
965 2132 1072 2172 quod]
1089 2143 1154 2172 quo
1171 2144 1199 2163 v.
1213 2143 1235 2162 c.
1252 2132 1366 2162 Baiter
1493 2141 1531 2170 15

201 2186 340 2216 espraes
357 2175 417 2205 M:
443 2181 503 2206 est.
523 2176 625 2206 Praes
644 2175 671 2206 C
748 2175 883 2214 quidem
898 2180 972 2214 post
989 2187 1088 2215 praes
1105 2176 1182 2207 add.
1196 2176 1224 2206 C
1238 2180 1275 2205 ut
1289 2175 1351 2206 vid.
1423 2174 1530 2214 esset]

200 2230 237 2250 es
257 2225 290 2250 et
314 2213 402 2250 CZI:
436 2230 530 2250 esses
554 2224 587 2249 et
608 2218 739 2249 Rosius.
799 2218 927 2248 Locum
953 2220 998 2250 ila
1027 2221 1155 2260 refingit
1171 2219 1321 2250 Schmidt
1376 2218 1431 2248 An
1458 2218 1533 2257 quis

202 2274 300 2302 praes
316 2263 497 2302 aliquando
522 2263 629 2293 sactus
647 2266 738 2292 esset
752 2261 786 2291 in
805 2261 858 2291 his
874 2263 1012 2300 quidem
1030 2263 1171 2294 tabulis?
1340 2264 1379 2292 16
1402 2261 1530 2296 omnia]

200 2313 313 2338 cetera
328 2306 478 2336 Schmidt
576 2316 619 2335 20
643 2304 803 2344 duorum]
822 2315 938 2335 eorum
956 2307 1105 2337 Ernesti:
1131 2307 1273 2336 duorum
1291 2305 1412 2335 horum
1433 2304 1536 2334 Orelli

201 2360 252 2389 25,
268 2352 309 2380 26
334 2354 367 2379 et
382 2349 518 2388 quidem
543 2349 584 2379 de
597 2349 764 2379 Tuditano
783 2348 870 2379 idem
890 2348 1065 2380 Lehmann
1081 2362 1086 2379 :
1117 2350 1273 2389 equidem
1299 2348 1389 2380 idem
1405 2347 1532 2378 Moser:

201 2399 300 2433 atque
318 2393 405 2423 idem
425 2392 526 2422 Orelli
