1742 2651
552 139 664 176 EPP.
698 138 775 174 AD
806 135 1065 174 ATTICVM
1371 134 1458 170 XV.
1477 131 1527 169 ix

132 248 346 286 emendum
374 254 411 286 et
440 248 491 285 ad
516 248 653 285 urbem
682 247 919 285 mittendum
940 251 1128 283 curarent.
1189 244 1224 283 O
1246 256 1326 281 rem
1348 241 1459 280 mise-

132 316 237 350 ram!
268 313 437 363 primum
462 314 581 351 ullam
608 313 659 350 ab
686 312 778 359 istis,
809 311 912 357 dein,
936 311 966 348 si
991 310 1175 359 aliquam,
1203 310 1306 346 hanc
1336 309 1459 357 †lega-

131 378 297 417 toriam†
317 377 557 428 provinciam
579 381 584 415 ἔ
638 380 770 427 Atque
798 378 904 415 haud
925 376 1006 414 scio
1026 390 1076 413 an
1102 374 1240 413 melius
1270 373 1318 411 sit
1339 386 1459 422 quam

129 443 180 480 ad
198 444 387 480 Eurotam
408 444 554 481 sedere.
610 444 688 481 Sed
706 444 802 480 haec
822 455 934 480 casus
950 440 1194 491 gubernabit.
1244 438 1311 476 Ait
1326 444 1459 475 autern

92 522 108 552 5
131 508 273 546 eodem
305 516 480 558 tempore
509 509 711 546 decretum
740 507 783 545 iri
811 515 852 545 ut
879 515 917 545 et
941 506 985 543 iis
1010 513 1048 544 et
1072 504 1229 554 reliquis
1255 502 1459 554 praetoriis

130 572 354 621 provinciae
374 574 645 611 decernantur.
708 574 800 610 Hoc
831 580 934 610 certe
964 571 1103 608 melius
1127 583 1246 619 quam
1271 569 1336 606 illa
1365 572 1458 618 Περ-

128 638 217 687 σικὴ
238 638 436 687 porticus3
466 639 559 676 nolo
581 637 686 676 enim
710 639 1052 677 Lacedaemonem
1073 635 1314 685 flonginquo
1335 647 1457 684 quom

130 703 351 740 Lanuvium
367 703 635 742 existimavit†.
681 706 688 722 ‘
705 702 828 740 Rides
847 705 853 719 ²
876 701 1027 751 inquies
1052 701 1113 738 ‘in
1131 699 1273 738 talibus
1290 699 1405 737 rebus
1420 701 1436 737 ?
1450 700 1458 716 '

129 768 237 816 Quid
259 767 432 805 faciam?
461 769 654 817 plorando
675 769 798 805 fessus
821 780 917 804 sum.

72 847 109 869 10
184 833 235 870 Di
270 833 532 871 immortales!
564 846 683 882 quarn
715 846 777 870 me
807 832 1083 870 conturbatum
1114 830 1239 869 tenuit
1268 830 1458 880 epistulae
1478 838 1503 865 2

128 905 218 935 tuae
239 897 341 947 prior
368 897 533 947 pagina!
564 897 661 947 quid
690 905 822 934 autem
850 896 921 934 iste
949 895 987 933 in
1014 897 1136 934 domo
1166 903 1233 932 tua
1262 908 1374 932 casus
1403 908 1459 932 ar-

128 965 311 1001 morum?
369 963 447 1000 Sed
474 964 580 1000 hunc
609 963 771 1012 quidem
797 961 975 999 nimbum
1006 961 1084 999 cito
1114 959 1297 998 transisse
1323 961 1456 998 laetor.

126 1029 189 1065 Tu
211 1028 307 1077 quid
327 1027 449 1077 egeris
471 1036 537 1066 tua
567 1041 657 1066 curn
684 1027 781 1065 tristi
803 1034 885 1064 tum
915 1027 1032 1064 etiam
1059 1025 1208 1064 difficili
1231 1026 1282 1063 ad
1307 1024 1460 1063 consili-

126 1094 276 1131 andum
307 1093 501 1143 legatione
530 1094 784 1131 vehementer
811 1099 994 1141 exspecto
1010 1107 1019 1138 3
1049 1098 1106 1129 est
1127 1090 1232 1128 enim
1254 1090 1461 1140 inexplica-

73 1174 106 1204 15
129 1158 226 1196 bilis.
288 1159 348 1196 Ita
387 1158 722 1196 circumsedemur
760 1157 883 1206 copiis
922 1156 1116 1194 omnibus.
1190 1157 1258 1193 Me
1297 1155 1459 1205 quidem

130 1224 239 1262 Bruti
269 1225 418 1263 litterae
447 1239 544 1275 quas
567 1223 743 1262 ostendis
770 1237 792 1261 a
817 1230 854 1260 te
879 1223 998 1259 lectas
1028 1220 1080 1258 ita
1110 1220 1384 1270 perturbarunt
1404 1228 1458 1267 ut,

128 1304 369 1340 quamquam
399 1299 490 1328 ante
521 1291 685 1340 egebam
710 1287 887 1335 consilio,
917 1294 1049 1324 tamen
1075 1285 1197 1323 animi
1221 1286 1357 1324 dolore
1387 1285 1460 1323 sim

128 1356 283 1394 tardior.
344 1358 422 1395 Sed
458 1358 578 1406 plura,
609 1369 699 1393 cum
734 1354 806 1391 ista
838 1365 1021 1401 cognoro.
1082 1352 1175 1389 Hoc
1204 1358 1336 1389 autem
1366 1358 1461 1389 tem-

128 1434 222 1470 pore
252 1424 360 1471 quod
392 1422 602 1460 scriberem
628 1420 724 1458 nihil
753 1426 844 1465 erat,
869 1430 996 1467 eoque
1018 1415 1149 1454 minus
1171 1417 1280 1465 quod
1309 1415 1461 1454 dubita-

70 1501 110 1521 20
129 1486 219 1524 bam
253 1494 293 1524 tu
330 1488 398 1525 has
430 1487 532 1537 ipsas
563 1487 708 1524 litteras
741 1496 899 1522 essesne
928 1489 1170 1532 accepturus.
1231 1482 1324 1519 Erat
1353 1481 1459 1519 enirn

129 1551 319 1590 incertum
355 1552 557 1590 visurusne
588 1560 626 1590 te
656 1558 757 1589 esset
789 1547 1022 1587 tabellarius.
1084 1548 1169 1596 Ego
1199 1553 1284 1585 tuas
1314 1546 1460 1585 litteras

127 1618 380 1656 vehementer
400 1626 596 1668 exspecto.

171 1723 212 1757 X
288 1727 356 1758 Ser.
379 1729 412 1757 in
436 1727 620 1758 Tusculano
637 1727 721 1757 Non.
743 1726 817 1757 Iun.
839 1729 898 1755 alt!
909 1722 1066 1764 postrzdie
1080 1733 1109 1752 a.
1133 1732 1189 1761 710
1209 1721 1295 1763 (44).

535 1803 706 1835 CICERO
737 1802 917 1833 ATTICO
947 1799 1051 1831 SAL.

71 1890 106 1921 25
183 1876 218 1914 O
245 1876 353 1914 Bruti
381 1884 557 1915 amanter
587 1876 748 1926 scriptas
774 1876 944 1914 litteras!
976 1888 1000 1912 o
1025 1873 1205 1922 iniquum
1232 1879 1343 1910 tuum
1365 1879 1458 1910 tem-

127 1954 201 1990 pus
222 1942 288 1991 qui
309 1943 360 1980 ad
381 1956 471 1980 eum
493 1942 546 1980 ire
568 1955 648 1979 non
670 1941 794 1991 possis
815 1944 821 1978 i
882 1941 966 1989 Ego
988 1946 1119 1976 autem
1144 1936 1239 1987 quid
1261 1936 1459 1974 scribam?

128 2014 168 2043 ut
191 2006 384 2045 beneficio
406 2007 568 2044 istorum
590 2007 779 2044 utantur?
836 2005 945 2054 Quid
977 2003 1159 2053 turpius?
1215 2003 1267 2038 Vt
1298 2001 1458 2039 molian-

127 2078 188 2108 tur
207 2071 386 2121 aliquid?
436 2073 521 2110 Nec
541 2073 690 2110 audent
711 2084 783 2109 nec
804 2070 880 2108 iam
903 2077 1078 2120 possunt.
1139 2070 1235 2117 Age,
1254 2066 1458 2116 quiescant

126 2137 352 2175 auctoribus
387 2137 501 2176 nobis
522 2152 530 2184 3
573 2136 660 2186 quis
694 2135 1005 2174 incolumitatem
1038 2135 1235 2185 praestat?
1294 2132 1332 2170 Si
1366 2145 1459 2169 vero

67 2217 108 2246 50
126 2202 276 2251 aliquid
296 2204 346 2241 de
369 2202 536 2241 Decimo
566 2201 729 2251 gravius,
752 2214 853 2251 quae
874 2200 1015 2238 nostris
1036 2200 1127 2247 vita,
1147 2199 1265 2237 etiam
1287 2198 1316 2236 si
1339 2210 1459 2235 nemo

170 2315 189 2334 2
225 2304 420 2336 locatoriam
448 2305 568 2335 Rosius
774 2314 791 2343 7
826 2303 1101 2343 longinquiorem
1133 2313 1234 2341 quam
1271 2302 1457 2333 Lanuvium

128 2349 313 2379 existimari
331 2350 409 2380 coni.
427 2348 550 2378 Mz'iller
715 2356 753 2386 13
777 2351 851 2377 ante
861 2352 917 2377 tua
933 2347 1008 2379 add.
1027 2347 1069 2377 de
1086 2346 1209 2377 Scln't'tz
1322 2345 1456 2376 concili-

128 2393 253 2422 andum
270 2393 347 2423 coni.
369 2393 453 2422 Boot
