1742 2651
110 108 181 145 XL
205 107 250 143 xi
572 107 628 143 M.
659 107 828 143 TVLLI
861 105 1166 144 CICERONIS

210 220 285 257 hoc
324 218 464 266 minus,
499 219 608 268 quod
644 231 703 256 res
736 219 842 254 nulla
873 224 930 254 est
976 229 1077 264 quae
1116 215 1325 253 scribenda
1356 214 1414 262 sit,
1447 228 1538 252 cum

210 283 434 333 praesertim
456 298 505 322 ne
526 297 614 333 spes
636 282 797 332 quidem
820 283 897 319 ulla
918 281 1147 318 ostendatur
1166 281 1247 318 fore
1268 279 1418 317 melius.
1479 281 1540 316 Ita

210 349 285 387 iam
315 363 363 387 ne
398 357 483 387 tuas
518 348 679 398 quidem
711 347 855 385 litteras
886 353 1081 395 exspecto,
1110 358 1351 395 quamquam
1387 357 1540 393 semper

208 414 315 452 aliud
346 415 527 452 adferunt
560 414 668 462 quod
701 411 828 449 velim.
903 412 993 459 Qua
1027 424 1066 448 re
1098 418 1139 447 tu
1172 410 1334 459 quidem
1366 408 1536 454 scribito,

208 494 299 518 cum
334 479 404 518 erit
436 479 529 528 quoi
564 479 644 516 des.
706 479 791 526 Ego
826 476 900 514 tuis
933 475 1130 525 proximis,
1165 488 1262 524 quas
1297 482 1429 511 tamen
1461 472 1538 510 iam
1564 487 1575 495 ·

210 544 361 595 pridem
394 543 540 592 accepi,
575 542 671 580 nihil
704 542 833 579 habeo
867 542 975 590 quod
1008 540 1243 586 rescribam3
1283 541 1402 588 longo
1433 538 1538 577 enim

211 610 412 648 intervallo
433 609 550 647 video
577 608 783 645 immutata
803 620 887 644 esse
912 605 1069 651 omnia;
1099 605 1163 643 illa
1189 619 1274 643 esse
1298 606 1409 642 firma
1439 617 1539 654 quae

211 676 394 721 debeant,
410 688 483 712 nos
504 673 690 711 stultitiae
711 680 867 710 nostrae
888 670 1132 721 gravissimas
1154 684 1302 720 poenas
1322 670 1505 720 pendere.

169 747 193 774 2
268 742 306 777 Ι).
331 738 515 778 Sallustio
544 738 718 776 curanda
751 744 842 774 sunt
875 738 956 775 Hs.
993 736 1084 773 ἱῖῖ(
1116 749 1217 785 quae
1248 735 1383 785 accepi
1412 748 1434 772 a
1464 736 1536 773 Cn.

211 803 404 843 Sallustio.
464 802 594 841 Velim
615 802 748 840 videas
773 809 815 839 ut
842 801 925 839 sine
953 814 1061 839 mora
1085 808 1278 839 curentur.
1340 803 1401 838 De
1428 813 1474 838 ea
1500 813 1540 837 re

209 868 345 919 scripsi
375 869 426 906 ad
458 867 696 906 Terentiam.
758 869 890 915 Atque
922 867 998 904 hoc
1028 865 1156 915 ipsum
1189 865 1267 903 iam
1298 879 1420 915 prope
1450 878 1540 902 con-

210 941 411 983 sumptum
440 940 508 971 est.
570 934 660 981 Qua
685 946 724 970 re
749 931 789 969 id
815 945 974 981 quoque
995 930 1111 968 velim
1134 944 1225 968 cum
1246 929 1310 967 illa
1330 930 1474 976 videas,
1499 936 1541 967 ut

211 999 259 1037 sit
288 999 355 1048 qui
385 1005 551 1036 utamur.
614 997 693 1035 Hic
724 998 886 1034 fortasse
907 1004 1044 1046 potero
1066 1010 1230 1042 sumere,
1254 996 1285 1033 si
1307 995 1427 1034 sciam
1454 994 1540 1032 istic

211 1072 388 1114 paratum
419 1064 528 1107 fore;
558 1063 642 1107 sed,
662 1062 768 1112 prius
793 1075 912 1112 quam
941 1061 980 1099 id
1009 1061 1158 1107 scirem,
1183 1061 1279 1099 nihil
1307 1075 1392 1098 sum
1423 1074 1540 1098 ausus

211 1142 374 1167 sumere.
446 1128 526 1176 Qui
574 1127 622 1165 sit
671 1127 849 1165 omnium
898 1140 1026 1165 rerum
1075 1134 1197 1164 status
1245 1133 1377 1164 noster
1418 1125 1538 1164 vides.
1588 1137 1600 1146 ·

212 1193 320 1231 Nihil
342 1201 399 1231 est
422 1193 511 1231 mali
533 1194 641 1242 quod
668 1207 749 1230 non
774 1200 811 1230 et
839 1192 1053 1230 sustineam
1078 1200 1116 1230 et
1143 1199 1377 1241 exspectem.
1438 1192 1542 1239 Qua-

211 1273 296 1296 rum
327 1272 454 1297 rerum
485 1271 532 1296 eo
559 1257 709 1308 gravior
736 1265 793 1295 est
823 1259 936 1295 dolor
963 1270 1043 1306 quo
1071 1258 1186 1306 culpa
1207 1256 1339 1294 maior.
1400 1256 1472 1293 Ille
1501 1254 1540 1292 in

212 1323 362 1361 Achaia
383 1336 462 1361 non
484 1330 610 1361 cessat
631 1323 680 1361 de
702 1321 817 1360 nobis
844 1322 1059 1360 detrahere.
1120 1321 1229 1358 Nihil
1249 1319 1431 1359 videlicet
1452 1326 1541 1358 tuae

212 1389 360 1428 litterae
380 1389 639 1438 profecerunt.
699 1388 809 1425 Vale.
870 1399 943 1424 vul
968 1388 1064 1425 Idus
1087 1388 1202 1424 Mart.

255 1561 346 1596 XII
510 1563 578 1594 Scr.
600 1562 764 1593 Brundisi
778 1563 835 1594 viii
848 1563 896 1593 Id.
918 1562 1018 1593 Mart.
1036 1574 1064 1594 (ι.
1088 1573 1147 1601 707
1166 1562 1199 1602 (4
1207 1562 1249 1603 7).

624 1657 800 1689 CICERO
825 1657 996 1687 ATTICO
1024 1657 1121 1687 SAL.

179 1760 197 1787 1
268 1747 463 1797 Cephalio
493 1746 589 1784 mihi
619 1759 642 1784 a
668 1754 706 1784 te
737 1746 881 1784 litteras
913 1745 1083 1783 reddidit
1108 1759 1140 1783 a.
1165 1746 1202 1783 d.
1227 1757 1300 1782 V111
1333 1745 1394 1782 Id.
1423 1745 1539 1782 Mart.

214 1828 384 1864 vespere.
446 1814 506 1850 Eo
535 1819 667 1849 autem
690 1811 754 1849 die
776 1825 892 1849 mane
915 1811 1137 1849 tabellarios
1159 1810 1369 1856 miseram;
1399 1809 1542 1858 quibus

212 1881 263 1918 ad
298 1887 334 1917 te
369 1880 555 1917 dederam
588 1878 743 1916 litteras.
805 1877 902 1915 Tuis
937 1886 1068 1915 tamen
1103 1877 1213 1914 lectis
1244 1875 1379 1913 litteris
1410 1874 1541 1923 putavi

175 1942 179 1945 ⁵
214 1945 288 1983 iam
310 1944 459 1994 aliquid
481 1943 775 1982 rescribendum
799 1957 884 1981 esse
909 1957 954 1981 ea
982 1957 1020 1980 re
1049 1942 1216 1979 maxime
1238 1941 1345 1990 quod
1367 1939 1543 1978 ostendis
1567 1955 1579 1974 ε

213 2018 250 2048 te
272 2010 443 2059 pendere
463 2008 584 2046 animi
608 2022 822 2058 quamnam
844 2008 1035 2046 rationem
1064 2008 1135 2045 sim
1163 2006 1319 2045 Caesari
1343 2007 1543 2044 adlaturus

213 2074 466 2124 profectionis
502 2087 613 2111 meae
647 2081 731 2111 tum
767 2087 856 2111 cum
889 2087 935 2111 ex
972 2073 1085 2111 Italia
1117 2071 1372 2111 discesserim.
1433 2070 1543 2108 Nihil

213 2153 313 2189 opus
343 2146 400 2177 est
430 2138 525 2176 mihi
555 2152 657 2177 nova
686 2139 846 2176 ratione.
906 2140 1031 2187 Saepe
1063 2138 1167 2176 enim
1198 2138 1249 2175 ad
1283 2150 1373 2175 eum
1407 2135 1543 2184 scripsi

261 2257 274 2276 1
301 2244 383 2285 hoc]
408 2256 497 2275 nune
523 2245 586 2275 hoc
610 2245 688 2275 coni.
710 2244 915 2283 [Vesenbergt
942 2244 1023 2282 sort.
1044 2244 1107 2274 iam
1133 2244 1186 2279 (ex
1200 2243 1220 2273 l.
1240 2243 1275 2282 3)
1294 2243 1356 2272 lzuc
1371 2246 1542 2281 transpon-

214 2290 336 2321 endum
472 2299 488 2328 7
514 2294 639 2319 mutata
660 2288 706 2318 W
824 2289 844 2318 8
869 2287 991 2317 debent
1008 2288 1058 2317 vel
1071 2287 1240 2317 debebant
1257 2287 1334 2317 coni.
1358 2286 1546 2325 ll⁷esc11berg

215 2345 256 2373 23
281 2333 413 2373 vesperi
436 2331 625 2372 [Vesenbetg
755 2341 796 2370 25
821 2342 861 2361 ea
879 2342 915 2361 re
936 2330 998 2361 W:
1024 2342 1065 2361 eo
1082 2330 1160 2361 M'·':
1183 2341 1248 2361 om.
1270 2328 1321 2360 M¹
