1742 2651
79 101 190 137 XIV.
209 101 254 136 iv
580 102 636 138 M.
668 101 836 137 TVLLI
869 100 1176 138 CICERONIS

214 212 492 262 gloriosissime
514 220 551 251 et
574 210 959 262 magnificentissime
984 212 1237 249 confecerunt
1252 226 1262 259 3
1291 210 1462 261 reliquae
1484 224 1542 249 res

215 291 310 327 opes
331 286 368 315 et
390 277 523 327 copias
544 276 781 323 desiderant,
804 289 901 326 quas
923 277 1049 313 nullas
1070 276 1273 314 habemus.
1335 277 1448 314 Haec
1470 289 1543 325 ego

214 343 265 380 ad
287 350 333 380 te.
377 344 450 388 Tu,
469 342 499 379 si
522 341 617 391 quid
639 341 729 379 novi
750 340 860 391 <narn
881 340 1027 379 cotidie
1047 340 1196 390 aliquid
1217 340 1430 390 exspecto),
1453 354 1544 378 con-

215 406 343 445 festim
364 408 416 445 ad
444 421 506 445 me
533 414 580 453 et,
605 406 635 444 si
666 405 757 444 novi
785 405 892 452 nihil,
916 414 1050 443 nostro
1074 419 1182 444 more
1203 413 1334 443 tamen
1357 419 1406 444 ne
1426 405 1544 456 patia-

216 485 302 510 mur
322 471 525 510 intermitti
547 471 745 509 litterulas.
807 470 1005 520 Equidem
1026 483 1107 507 non
1128 470 1385 508 committam.
1564 481 1581 512 5

257 582 297 614 V
521 582 589 613 Ser.
610 582 758 613 Asturae
775 582 811 612 1‘1'1'
824 582 875 613 Id.
896 582 981 623 Apr.
1000 594 1030 613 a.
1053 592 1108 621 710
1128 583 1215 623 (44).

619 660 795 691 CICERO
827 660 997 690 ATTICO
1031 660 1066 691 S.
1095 660 1134 690 D.

177 744 194 771 1
267 734 389 783 Spero
416 732 485 770 tibi
513 731 589 769 iam
619 745 704 770 esse
732 739 773 769 ut
798 733 992 779 volumus,
1014 731 1202 781 quoniam
1228 730 1389 781 quidem
1419 731 1545 780 ἠσίτη-

213 815 283 838 σας
314 811 435 847 quom
467 796 600 835 leviter
630 804 853 834 commotus
884 810 1017 843 esses3
1045 797 1115 834 sed
1140 804 1272 834 tamen
1301 795 1418 834 velim
1446 795 1543 834 scire

212 862 308 912 quid
341 876 443 912 agas.
504 861 622 912 Signa
651 862 753 899 bella
780 862 888 911 quod
920 862 1095 901 Calvena
1125 863 1289 899 moleste
1319 862 1390 898 sert
1419 874 1455 898 se
1484 874 1544 899 su-
1565 874 1603 895 10

212 935 390 977 spectum
430 940 514 965 esse
555 928 702 973 Brut03
743 926 806 964 illa
845 925 955 976 signa
984 940 1064 963 non
1095 926 1200 963 bona
1234 925 1262 963 si
1300 939 1389 963 cum
1425 925 1544 975 signis

212 993 385 1042 legiones
406 991 569 1030 veniunt
589 1005 607 1028 e
627 991 765 1029 Gallia.
826 991 934 1040 Quid
956 999 997 1029 tu
1019 990 1101 1029 illas
1122 998 1236 1040 putas
1262 1004 1362 1040 quae
1390 992 1545 1028 fuerunt

213 1057 252 1095 in
287 1057 511 1107 Hispania?
568 1070 701 1094 nonne
733 1056 837 1094 idem
871 1058 1165 1106 postulaturas?
1199 1056 1306 1106 quid,
1338 1069 1435 1106 quas
1467 1058 1545 1094 An-

213 1123 300 1161 nius
322 1122 629 1173 transportavit?
686 1123 730 1161 C.
754 1121 936 1160 Asinium
958 1122 1064 1160 volui
1085 1123 1155 1160 sed
1179 1123 1404 1172 μνημονικὸν
1434 1123 1545 1172 ἁμάρ-

211 1207 319 1239 τημα.
398 1191 433 1226 A
474 1189 699 1226 balneatore
738 1190 883 1239 φυρμὸς
919 1191 1048 1230 πολύς.
1127 1190 1231 1227 Nam
1271 1188 1344 1226 ista
1381 1188 1543 1239 quidem
1568 1200 1602 1232 15

213 1254 391 1295 Caesaris
413 1254 641 1293 libertorum
670 1253 889 1292 coniuratio
916 1254 1029 1293 facile
1060 1254 1355 1304 opprimeretur,
1379 1253 1410 1291 si
1440 1261 1544 1292 recte

171 1328 365 1370 zsaperet
406 1318 615 1357 Antonius.
688 1320 724 1358 O
760 1333 888 1358 meam
929 1321 1087 1358 stultam
1125 1319 1428 1358 verecundiam!
1477 1318 1544 1369 qui

213 1385 327 1435 legari
357 1384 549 1423 noluerim
572 1392 663 1422 ante
694 1398 752 1423 res
784 1386 954 1434 prolatas
982 1399 1031 1423 ne
1062 1387 1241 1424 deserere
1268 1385 1418 1423 viderer
1438 1386 1544 1422 hune

211 1464 338 1490 rerum
376 1458 597 1496 tumorem;
631 1449 692 1488 cui
726 1457 830 1488 certe
864 1450 895 1488 si
930 1464 1087 1500 possem
1122 1450 1280 1497 mederi,
1315 1452 1428 1488 desse
1463 1464 1543 1488 non

211 1517 409 1554 deberem.
461 1516 539 1553 Sed
561 1514 670 1553 vides
693 1515 948 1565 magistratus,
973 1515 1004 1553 si
1025 1516 1187 1566 quidem
1209 1516 1262 1554 illi
1284 1515 1540 1566 magistratus,
1566 1527 1604 1548 20

209 1580 318 1619 vides
357 1587 489 1618 tamen
524 1579 677 1629 tyranni
712 1579 897 1618 satellites
931 1582 972 1618 in
1007 1581 1190 1631 imperiis,
1224 1581 1333 1619 vides
1365 1580 1542 1619 eiusdem

209 1645 410 1691 exereitus,
448 1644 557 1682 vides
597 1644 636 1681 in
675 1646 794 1683 latere
828 1652 1044 1692 veteranos,
1081 1660 1183 1696 quae
1221 1654 1312 1685 sunt
1350 1647 1543 1695 εὖρίπιστα

209 1710 354 1757 omnia,
387 1723 453 1748 eos
492 1717 624 1747 autem
665 1709 731 1759 qui
769 1710 875 1748 orbis
916 1719 1038 1750 terrae
1077 1711 1266 1750 custodiis
1301 1726 1381 1750 non
1421 1713 1542 1750 modo

210 1777 333 1826 saepti
368 1790 502 1814 verum
538 1775 655 1814 etiam
697 1776 826 1825 magni
868 1790 953 1815 esse
988 1778 1189 1816 debebant
1229 1786 1381 1816 tantum
1421 1778 1542 1815 modo

254 1893 274 1920 3
297 1882 345 1911 Tu
362 1879 462 1910 'Klols
480 1893 486 1911 z
511 1885 546 1910 ut
563 1880 651 1910 codd.
790 1892 808 1920 5
836 1882 998 1922 Equidem
1018 1883 1098 1913 (ΪῘΙΤ2
1117 1896 1122 1913 :
1148 1884 1312 1922 siquidem
1337 1880 1389 1912 M1
1522 1892 1543 1920 9

211 1936 311 1965 quom
330 1925 522 1955 Corradus:
547 1935 646 1963 quem
677 1925 718 1954 M
851 1936 890 1956 10
923 1937 959 1957 se
982 1927 1056 1958 add.
1084 1927 1142 1957 alii
1164 1931 1239 1957 ante
1262 1930 1466 1965 suspectum,
1487 1925 1547 1954 alii

207 1973 283 2009 past
298 1980 385 2006 esse,
403 1968 462 1998 alsi
475 1972 550 1998 ante
562 1979 639 1998 esse
758 1980 793 1999 12
818 1981 836 1999 e
854 1970 930 2001 add.
951 1974 1022 2002 vett.
1118 1982 1154 2010 13
1178 1981 1262 2010 quas
1279 1970 1411 2000 Annius
1430 1969 1516 2009 vulg.
1533 1979 1540 1998 :

211 2024 276 2051 qua
294 2014 410 2043 sanius
425 2012 485 2042 M:
519 2023 603 2051 quas
629 2011 772 2042 Asinius
796 2013 909 2044 Stroth
1048 2025 1084 2052 14
1110 2015 1146 2045 C.
1173 2014 1328 2044 Asinium
1345 2013 1423 2042 coni.
1437 2013 1541 2042 Boot:

212 2057 390 2086 Caninium
408 2055 495 2085 codd.
592 2066 627 2094 15
652 2066 671 2085 a
693 2056 886 2087 balneatore
906 2054 973 2088 CZt
995 2069 1022 2089 v.
1043 2071 1064 2089 c.
1086 2057 1115 2087 L
1140 2058 1279 2097 (marg.)
1297 2056 1348 2086 P:
1372 2056 1413 2086 ab
1429 2055 1541 2086 alnea-

212 2105 287 2129 tore
306 2099 336 2129 O
353 2100 388 2138 (n
401 2103 523 2139 punclo
540 2103 708 2135 notatum)
725 2111 732 2129 2
756 2111 775 2130 a
796 2100 966 2131 baleatore
988 2102 1046 2132 M:
1072 2102 1113 2132 ab
1133 2102 1282 2131 aleatore
1304 2110 1320 2129 S
1345 2100 1431 2131 Crat.
1450 2099 1537 2139 vulg.

212 2143 249 2182 (f.
263 2143 346 2172 Phil.
370 2143 400 2172 ii.
423 2144 464 2180 56
600 2145 639 2172 16
664 2148 756 2173 recte
770 2143 870 2175 Reid:
898 2150 988 2175 recta
1001 2145 1089 2176 codd,
1228 2154 1264 2183 17
1289 2143 1460 2173 Antonius
1472 2142 1539 2172 secl.

213 2186 344 2216 Ernesti
395 2186 424 2216 O
439 2186 525 2216 Crat.
539 2197 578 2215 cx
589 2186 753 2227 codicsbtts,
771 2187 806 2226 qs.
821 2187 996 2218 Lehmann
1009 2191 1016 2204 ‘
1030 2187 1114 2220 Ast!
1127 2193 1161 2228 p.
1182 2198 1232 2227 77,
1244 2198 1305 2225 204
1322 2198 1329 2216 t
1354 2186 1404 2216 En
1422 2185 1544 2225 Tyrrell

217 2241 255 2268 19
279 2230 415 2267 mederi,
439 2231 537 2260 desse
564 2229 641 2260 Vz'cl.
661 2241 668 2260 z
693 2241 745 2260 ine
771 2231 936 2262 deridisse
961 2231 1014 2261 M¹
1147 2242 1184 2261 21
1213 2235 1325 2261 tamen
1346 2241 1409 2260 non
1426 2230 1539 2259 sollici-

212 2273 365 2306 tandum,
386 2273 423 2312 cf.
443 2272 619 2302 Lehmann
637 2277 644 2289 ⁴
660 2273 744 2304 Aa?
760 2279 791 2313 p.
810 2285 873 2314 205
1001 2286 1040 2314 24
1066 2275 1177 2314 magni
1195 2285 1270 2305 esse
1289 2273 1455 2304 debebant
1471 2273 1536 2304 cod.

212 2317 428 2352 Balliolensis‚
456 2321 492 2345 ut
518 2316 653 2355 videtur,
681 2317 717 2355 (f.
748 2317 779 2348 ii.
808 2329 838 2356 9.
867 2329 896 2356 2,
925 2319 1024 2350 Fam.
1056 2320 1100 2349 xi.
1132 2329 1160 2357 3.
1189 2329 1217 2356 4,
1232 2322 1295 2357 pro
1322 2317 1449 2356 Quinct.
1473 2327 1538 2355 93:

212 2361 322 2399 magni
334 2360 500 2390 sedebant
512 2359 563 2388 M¹
579 2371 585 2389 :
611 2361 757 2399 magisse
770 2362 938 2392 debebant
950 2358 1012 2393 Zl':
1036 2362 1153 2392 muniti
1168 2372 1244 2392 esse
1256 2361 1425 2391 debebant
1435 2359 1538 2390 Reid:

211 2405 287 2444 vagi
304 2414 380 2434 esse
397 2403 566 2434 debebant
584 2403 677 2434 Man.
698 2415 704 2435 ε
729 2403 811 2444 ἅγιοι
831 2415 906 2436 6556
922 2405 1091 2436 debebant
1107 2406 1187 2436 coni.
1207 2405 1308 2435 Orelli
