1742 2651
114 92 200 130 XV.

167 475 192 502 :0

218 91 267 129 ia
578 94 632 130 M.
665 94 832 130 TVLLI
865 93 1172 131 CICERONIS

210 203 318 253 Quin
347 203 463 242 etiam
492 205 609 253 paulo
630 209 721 253 post
741 203 877 242 Cumis
909 218 993 241 eam
1022 204 1111 242 vidi.
1172 206 1343 242 Venerat
1369 205 1472 242 enim
1501 204 1539 242 in

209 269 350 313 funus3
385 268 447 306 cui
474 267 597 305 funeri
626 282 699 317 ego
725 281 884 317 quoque
912 282 1071 317 operam
1093 269 1195 307 dedi.
1257 270 1328 308 Cn.
1354 270 1540 306 Lucullus

210 333 406 371 familiaris
437 340 569 371 noster
601 340 764 370 matrem
795 333 989 370 efferebat.
1052 333 1182 370 Mansi
1207 333 1321 382 igitur
1341 346 1388 371 eo
1413 333 1477 371 die
1501 333 1539 371 in

211 397 448 436 Sinuessano
468 406 586 447 atque
608 397 701 435 inde
729 411 844 435 mane
866 397 1052 447 postridie
1073 398 1266 447 Arpinum
1288 398 1539 448 proficiscens

210 464 312 500 hanc
342 462 548 512 epistulam
580 462 742 500 exaravi.
805 464 897 500 Erat
926 470 1058 500 autem
1089 462 1184 500 nihil
1215 463 1305 501 novi
1336 464 1444 512 quod
1473 470 1539 500 aut
1560 475 1576 507 5

209 527 418 565 scriberem
445 535 512 565 aut
540 540 585 565 ex
609 535 646 565 te
672 540 910 576 quaererem,
934 527 1007 565 nisi
1029 529 1126 565 forte
1154 529 1229 565 hoc
1253 529 1304 566 ad
1325 542 1405 566 rem
1427 536 1540 578 putas

209 592 412 641 pertinere.
483 595 626 630 Brutus
668 599 799 629 noster
839 592 943 629 misit
982 594 1032 630 ad
1073 606 1135 631 me
1174 593 1391 631 orationem
1430 606 1540 630 suam

210 657 383 694 habitam
411 657 450 694 in
478 657 664 695 contione
687 656 911 706 Capitolina
939 657 1154 707 petivitque
1182 671 1204 695 a
1231 671 1293 696 me
1314 665 1355 695 ut
1377 671 1462 695 eam
1492 671 1541 696 ne

209 722 417 760 ambitiose
445 722 676 772 corrigerem
704 730 794 760 ante
817 735 936 771 quam
967 724 1108 760 ederet.
1170 724 1240 760 Est
1264 730 1395 761 autem
1417 723 1541 761 oratio

209 788 351 837 scripta
377 787 664 838 elegantissime
695 787 913 835 sententiis,
935 788 1072 833 verbis,
1096 796 1137 825 ut
1162 787 1259 825 nihil
1286 788 1407 838 possit
1429 790 1538 826 ultra.

210 855 294 903 Ego
322 861 454 891 tamen
482 852 512 889 si
542 852 647 890 illam
678 866 836 890 causam
869 853 1106 900 habuissem,
1137 853 1376 903 scripsissem
1406 855 1540 892 arden-

208 918 294 956 tius.
353 918 550 958 Ὑπόθεσις
576 918 684 956 vides
712 931 813 967 quae
842 917 889 955 sit
911 925 946 955 et
970 932 1136 968 persona
1163 918 1339 957 dicentis.
1401 920 1541 968 Itaque

209 997 294 1021 eam
330 984 520 1033 corrigere
559 996 639 1021 non
679 983 797 1032 potui.
866 984 959 1031 Quo
998 983 1103 1021 enim
1142 983 1181 1020 in
1219 996 1361 1033 genere
1398 985 1540 1021 Brutus

209 1056 341 1087 noster
362 1062 445 1086 esse
472 1049 554 1085 vult
581 1055 617 1086 et
643 1049 751 1097 quod
780 1047 969 1086 iudicium
998 1048 1117 1086 habet
1144 1049 1193 1086 de
1221 1047 1372 1098 optimo
1400 1061 1541 1098 genere

209 1113 379 1159 dicendi,
403 1113 443 1151 id
471 1113 522 1150 ita
552 1120 788 1151 consecutus
819 1113 857 1150 in
889 1126 935 1150 ea
965 1112 1140 1150 oratione
1170 1120 1227 1150 est
1257 1121 1299 1150 ut
1326 1113 1540 1162 elegantius

210 1192 294 1217 esse
321 1178 417 1216 nihil
439 1177 585 1228 possit,
615 1179 685 1215 sed
706 1191 778 1227 ego
806 1186 963 1216 secutus
988 1177 1095 1216 aliud
1122 1191 1209 1215 sum
1236 1178 1316 1216 sive
1340 1179 1416 1216 hoc
1437 1186 1541 1216 recte

210 1244 289 1282 sive
317 1256 396 1281 non
422 1250 538 1281 recte.
595 1243 658 1279 Tu
679 1249 810 1280 tamen
833 1242 948 1280 velim
977 1255 1064 1280 eam
1089 1242 1306 1281 orationem
1328 1244 1443 1292 legas,
1466 1242 1540 1280 nisi

210 1310 307 1346 forte
334 1308 410 1345 iam
440 1307 576 1357 legisti,
600 1306 885 1357 certioremque
916 1321 977 1345 me
1006 1307 1123 1345 facias
1145 1307 1240 1357 quid
1267 1307 1416 1346 iudices
1443 1307 1536 1357 ipse.

210 1375 463 1422 Quamquam
485 1386 620 1411 vereor
640 1386 689 1410 ne
711 1372 947 1422 cognomine
976 1380 1044 1411 tuo
1072 1374 1202 1422 lapsus
1223 1375 1459 1423 ὑπεροπτικὸς
1489 1372 1539 1410 sis

208 1438 246 1476 in
269 1438 495 1476 iudicando.
549 1438 626 1476 Sed
648 1437 678 1475 si
700 1438 955 1476 recordabere
978 1439 1242 1488 Δημοσθένους
1262 1438 1439 1485 fulmina,
1455 1446 1537 1476 tum

208 1503 408 1553 intelleges
434 1516 549 1553 posse
570 1511 607 1541 et
629 1504 854 1541 ἀττικώτατα
875 1508 911 1540 et
927 1503 1152 1552 gravissime
1184 1503 1272 1542 dici.
1333 1505 1411 1542 Sed
1441 1505 1538 1542 haec

207 1582 351 1607 coram.
416 1570 534 1606 Nunc
570 1582 642 1606 nec
682 1567 765 1606 sine
800 1568 965 1618 epistula
1001 1582 1072 1607 nec
1108 1582 1198 1607 cum
1233 1568 1340 1606 inani
1374 1568 1540 1619 epistula

208 1634 314 1672 volui
343 1635 393 1672 ad
424 1641 461 1672 te
493 1634 767 1672 Metrodorum
798 1633 940 1671 venire.

252 1784 300 1821 ῙῙ
510 1788 579 1822 Ser.
599 1790 632 1820 in
653 1790 784 1822 Vescino
800 1802 844 1822 xv
860 1791 901 1822 K.
923 1791 996 1823 Ilm.
1017 1802 1047 1823 a.
1072 1802 1127 1832 710
1148 1792 1233 1834 (445.

615 1879 786 1909 CICERO
817 1881 847 1909 A
858 1879 996 1910 TTICO
1028 1879 1130 1911 SAL.

262 1975 317 2001 xv
349 1966 436 2002 Kal.
469 1979 490 2004 e
521 1966 760 2005 Sinuessano
790 1967 1041 2017 proficiscens
1072 1982 1160 2006 cum
1192 1968 1388 2007 dedissem
1418 1968 1468 2005 ad
1501 1974 1537 2004 te

208 2028 352 2067 litteras
379 2031 713 2082 devertissemque
736 2033 941 2072 *factitius—r
968 2033 1007 2071 in
1024 2034 1197 2072 Vescino
1223 2033 1357 2083 accepi
1377 2046 1399 2070 a
1420 2033 1538 2070 tabel-

255 2143 268 2163 1
295 2134 394 2172 paulo
416 2139 491 2172 post
509 2133 650 2166 Lama:
678 2136 776 2174 paulo
795 2135 880 2165 codd.
902 2147 907 2165 :
933 2136 1080 2174 paullum
1098 2136 1217 2166 Iunius
1378 2136 1408 2175 8,
1429 2145 1449 2173 9
1474 2145 1536 2165 nec

207 2177 382 2207 ambitiose
408 2178 528 2209 Bosz'zts
556 2186 615 2208 ‘fx
640 2179 821 2209 Crztsellz'no
837 2178 864 2208 ':
904 2180 977 2209 sine
1002 2180 1185 2210 ambitione
1208 2179 1298 2209 Koch
1437 2189 1474 2208 12
1503 2183 1536 2208 et

207 2220 281 2251 add.
306 2220 406 2250 Orelli
550 2223 588 2252 16
611 2223 671 2253 sed
695 2223 762 2252 secl.
794 2221 980 2262 ll'esenlmg
1077 2228 1212 2254 secutus
1236 2223 1340 2253 Pius:
1379 2222 1472 2252 Solus
1500 2221 1539 2250 M

211 2274 247 2302 17
284 2275 356 2294 eam
387 2265 512 2295 Rom.:
546 2271 615 2295 tum
645 2265 705 2296 M:
740 2266 819 2295 item
852 2265 1026 2296 Bl'iclwlrr:
1060 2277 1123 2297 om.
1159 2266 1292 2296 Baiter:
1322 2266 1402 2305 sort.
1433 2270 1535 2296 totam

212 2308 249 2337 18
274 2307 338 2338 iam
356 2307 409 2336 Μ’2
430 2320 436 2338 t
461 2319 532 2338 eam
551 2309 601 2338 M¹
738 2319 774 2339 21
802 2313 835 2339 et
853 2309 928 2338 add.
949 2309 1066 2341 Lamb.
1208 2320 1248 2348 27
1274 2309 1419 2350 acutius]
1438 2309 1539 2338 latem'

208 2352 249 2381 ad
266 2355 294 2381 et
309 2362 427 2380 nomen
445 2352 637 2391 proprium:
666 2363 685 2382 a
705 2352 821 2382 Cumis
844 2352 943 2383 Rom.
1129 2353 1277 2384 Vescino
1295 2350 1334 2383 Z‘
1350 2364 1378 2384 v.
1399 2364 1420 2385 c.
1440 2365 1446 2383 :
1469 2352 1535 2382 Ve-

208 2395 324 2425 sciano
341 2393 400 2426 M:
427 2394 611 2426 Vescinum
634 2394 824 2436 I‘Vesenbmg

1565 802 1601 823 10

1566 1126 1600 1157 ¹5

1561 1453 1601 1475 20
