1742 2651
36 95 155 132 XIII.
177 106 268 131 xxx
551 98 605 135 M.
639 98 807 135 TVLLI
839 98 1144 136 CICERONIS

190 206 365 244 biduum.
425 207 489 245 Ab
511 221 556 246 ea
577 207 700 257 igitur,
724 215 766 245 ut
787 208 933 254 scribis,
957 215 994 246 et
1014 208 1130 246 velim
1154 209 1336 247 confecto
1357 207 1514 258 negotio

190 271 434 319 Faberiano3
475 286 593 322 quem
626 272 787 322 quidem
826 280 941 322 negat
981 275 1079 310 Eros
1118 273 1248 319 hodie,
1282 286 1365 311 cras
1400 286 1515 311 mane

188 343 308 386 putat.
367 338 405 374 A
428 344 465 374 te
486 338 675 375 colendus
696 345 780 384 est3
814 337 910 376 istae
935 346 1067 375 autem
1089 341 1276 376 κολακεῖαι
1300 352 1379 376 non
1401 339 1515 388 longe

187 402 330 439 absunt
350 416 373 439 a
393 404 547 440 scelere.
605 405 663 450 Te,
687 410 729 441 ut
749 416 873 453 spero,
897 403 1093 452 perendie.

77 471 167 511 2(3)
244 466 314 513 Mi,
356 466 520 505 sicunde
558 475 681 517 potes,
723 481 834 506 erues
879 468 946 518 qui
985 469 1124 507 decem
1163 469 1277 519 legati
1319 468 1516 506 Mummio

189 532 340 569 fuerint.
402 532 587 581 Polybius
627 546 707 570 non
746 533 935 571 nominat.
1001 535 1086 583 Ego
1126 534 1287 572 memini
1325 533 1516 571 Albinum

188 598 433 634 consularem
455 605 493 635 et
514 599 577 646 Sp.
603 597 844 635 Mummium
862 613 872 645 3
901 597 1036 636 videor
1055 598 1212 636 audisse
1232 613 1278 636 ex
1300 598 1515 636 Hortensio

188 661 445 699 Tuditanum.
506 663 584 700 Sed
606 662 644 699 in
668 662 830 700 Libonis
851 662 981 700 annali
1002 675 1097 700 xlm
1119 663 1231 701 annis
1256 671 1344 713 post
1365 671 1516 712 praetor

189 734 246 764 est
278 727 402 764 factus
434 727 656 764 Tuditanus
688 741 807 777 quam
842 729 978 765 consul
1013 727 1242 766 Mummius.
1302 730 1394 766 Non
1425 740 1516 765 sane

189 792 364 841 quadrat.
425 793 528 829 Volo
555 791 726 841 aliquem
758 792 965 842 Olympiae
992 800 1058 830 aut
1085 793 1152 831 ubi
1174 793 1300 831 visum
1329 793 1517 832 πολιτικὸν

189 857 382 908 σύλλογον
403 870 510 894 more
533 856 764 894 Dicaearchi
785 856 981 895 familiaris
1002 857 1068 895 tui.

234 1002 388 1038 XXXI
479 1005 548 1038 Scr.
569 1006 602 1036 1⁶11
625 1005 809 1037 Tusculano
826 1018 846 1037 v
861 1007 903 1038 K.
923 1007 997 1037 Ilm.
1018 1018 1047 1038 α.
1073 1017 1130 1046 709
1152 1007 1230 1048 (45).

597 1094 770 1125 CICERO
799 1094 981 1125 ATTICO
1010 1095 1115 1127 SAL.

155 1198 171 1224 1
245 1196 270 1222 V
306 1185 394 1222 Kal.
429 1197 545 1222 mane
577 1184 712 1234 accepi
746 1198 769 1222 a
804 1186 956 1222 Demea
993 1184 1137 1222 litteras
1169 1184 1294 1234 pridie
1328 1187 1435 1224 datas
1473 1199 1519 1224 ex

192 1249 335 1299 quibus
359 1257 426 1286 aut
452 1249 572 1287 hodie
600 1257 668 1286 aut
692 1262 774 1286 cras
802 1254 835 1286 le
863 1257 1086 1298 exspectare
1111 1250 1308 1287 deberem.
1368 1251 1454 1297 Sed,
1478 1258 1520 1288 ut

192 1314 342 1365 opinor,
369 1314 475 1352 idem
497 1328 569 1364 ego
590 1314 656 1363 qui
684 1322 868 1363 exspecto
896 1322 1006 1352 tuum
1033 1316 1247 1354 adventum
1270 1318 1449 1355 morabor
1470 1324 1517 1355 te.

194 1381 287 1418 Non
308 1379 412 1418 enim
434 1387 530 1429 puto
557 1387 637 1416 tam
665 1379 891 1428 expeditum
915 1380 1174 1418 Faberianum
1203 1382 1400 1432 negotium
1422 1383 1521 1420 futu-

193 1459 290 1492 rum,
327 1444 444 1483 etiam
477 1444 507 1482 si
540 1452 597 1482 est
631 1445 804 1483 futurum
839 1453 881 1482 ut
916 1459 990 1482 mm
1022 1446 1165 1484 habeat
1199 1447 1347 1496 aliquid
1376 1461 1518 1486 morae.

150 1523 175 1552 2
195 1512 298 1549 Cum
328 1509 472 1559 poteris
502 1509 625 1559 igitur.
686 1509 887 1558 Quoniam
917 1510 1133 1549 etiamnum
1163 1512 1267 1559 abes,
1293 1512 1522 1550 Dicaearchi

194 1589 294 1625 quos
315 1574 450 1613 scribis
476 1574 594 1612 libros
622 1588 715 1612 sane
736 1575 851 1613 velim
878 1575 930 1612 mi
960 1575 1099 1623 mittas,
1123 1578 1246 1615 addas
1274 1578 1388 1616 etiam
1415 1596 1522 1616 κατα-

193 1643 352 1691 βάσεως.

151 1719 176 1756 3
251 1708 313 1745 De
339 1706 506 1756 epistula
531 1708 581 1746 ad
604 1709 813 1747 Caesarem
845 1712 1017 1761 κέκρικα;
1049 1720 1168 1762 atque
1198 1713 1237 1751 id
1268 1712 1393 1763 ipsum
1414 1712 1522 1762 quod

195 1772 257 1810 isti
277 1772 386 1810 aiunt
407 1772 516 1810 illum
538 1773 716 1820 scribere,
741 1788 781 1813 se
806 1776 878 1813 nisi
901 1777 1122 1815 constitutis
1144 1778 1259 1816 rebus
1280 1792 1358 1816 non
1380 1778 1521 1816 iturum

196 1838 235 1876 in
271 1839 446 1885 Parthos,
480 1837 585 1876 idem
621 1853 693 1889 ego
729 1842 944 1880 suadebam
979 1842 1019 1880 in
1051 1842 1115 1881 illa
1149 1843 1322 1892 epistula.
1382 1844 1521 1880 Vtrum

197 1904 333 1942 liberet
363 1905 489 1942 facere
516 1918 631 1954 posse
657 1914 816 1944 auctore
847 1921 920 1945 me.
982 1909 1075 1946 Hoc
1104 1908 1208 1946 enim
1237 1908 1300 1947 ille
1325 1915 1522 1959 exspectat

244 2021 255 2039 1
283 2010 384 2042 biduo
403 2011 592 2052 IVescnbetg
680 2023 708 2051 3.
723 2024 741 2052 4
767 2013 798 2043 A
812 2017 839 2043 cl
848 2013 896 2043 Te
908 2013 983 2044 add.
999 2018 1067 2045 vell.
1169 2026 1198 2055 4,
1212 2025 1230 2053 5
1256 2016 1427 2054 perendie.
1476 2015 1521 2045 Mi

198 2053 318 2084 Rosius
336 2060 389 2093 tm·
404 2054 450 2088 Z)
465 2067 471 2086 :
500 2057 697 2094 perendiem
716 2056 755 2085 M
886 2067 904 2095 5
929 2068 1026 2087 erues
1043 2052 1088 2088 Zb
1103 2062 1191 2089 vein:
1223 2068 1342 2089 eruere
1360 2059 1419 2089 M:
1444 2070 1524 2089 erue

199 2097 313 2128 Baiter
403 2110 441 2129 10
467 2100 649 2139 Olympiae
665 2102 711 2141 (-a
729 2099 788 2137 M)
807 2106 864 2131 aut
882 2101 936 2131 ubi
954 2101 1061 2131 visum
1075 2101 1116 2131 M
1131 2102 1225 2133 illan.
1241 2114 1247 2133 ς
1273 2103 1451 2142 Olympiae
1470 2107 1526 2133 aut

200 2142 308 2172 ubivis
326 2142 471 2172 habitum
489 2142 639 2173 Srlmzidt
770 2154 806 2183 15
832 2149 864 2174 te
882 2144 957 2175 add.
979 2145 1076 2176 Rom.
1212 2146 1249 2174 18
1276 2156 1340 2176 non
1359 2145 1432 2175 add.
1452 2150 1522 2177 vett.

203 2195 242 2223 19
259 2186 441 2216 etiamnum
460 2187 554 2217 velet
573 2188 636 2218 iam
656 2199 744 2218 nunc
757 2189 835 2218 com'.
854 2187 972 2218 Orelli:
997 2189 1177 2219 etiamdum
1195 2188 1281 2219 codd.
1375 2200 1416 2219 22
1433 2190 1525 2229 atqui

204 2228 392 2270 lVesenbmg
480 2241 520 2269 24
546 2235 619 2262 ante
636 2232 817 2262 suadebam
840 2231 913 2262 add.
936 2242 1073 2271 semper
1087 2232 1128 2262 I:
1149 2236 1224 2272 post
1245 2233 1424 2263 suadebam
1453 2236 1527 2267 (sua

201 2273 364 2304 debebam
390 2274 456 2304 Mn
482 2274 557 2305 add.
581 2275 640 2304 sed
666 2275 830 2305 addebam
854 2274 1004 2305 Srlnmdt
1101 2275 1244 2314 epistula
1269 2281 1380 2306 utrum
1408 2277 1527 2306 liberet

201 2317 327 2347 faceret
342 2328 348 2346 z
382 2327 484 2356 posse
516 2317 634 2348 Lamb.
652 2330 659 2349 ε
690 2319 834 2357 epistula
849 2330 855 2350 :
890 2319 952 2352 sin,
982 2324 1091 2349 utrum
1125 2319 1256 2358 liberet,
1285 2320 1394 2350 facere
1427 2330 1528 2358 posse

207 2359 416 2400 Wesenhmg:
439 2362 520 2400 fort.
546 2360 638 2403 (sic)
658 2362 841 2392 suadebam
867 2362 899 2391 in
924 2363 979 2392 illa
1004 2363 1149 2402 epistula
1173 2361 1253 2405 (ut)
1277 2368 1386 2393 utrum
1408 2363 1528 2394 liberet

203 2404 313 2434 facere
328 2409 441 2444 posset
460 2405 566 2444 (qnod
577 2405 664 2435 codd.
684 2405 801 2435 habent
817 2409 950 2445 posset)

1539 807 1577 829 10

1543 1267 1579 1298 15

1543 1593 1582 1614 20

1545 1917 1583 1949 ²5
