1742 2651
61 97 155 134 XII.
179 97 288 133 xxxi
552 98 607 134 M.
639 97 806 134 TVLLI
839 96 1144 135 CICERONIS

151 415 168 441 1

143 669 167 695 2

152 1913 168 1940 1

36 1955 131 1993 (xxxi

35 2000 70 2037 3)

228 231 381 266 XXXI
505 234 576 266 Ser.
600 236 746 265 Asturae
759 236 798 265 iv.
819 234 863 265 K.
881 235 964 274 Apr.
983 245 1013 265 a.
1035 244 1092 274 709
1112 234 1197 275 (45).

590 316 762 348 CICERO
792 316 973 347 ATTICO
1002 315 1109 347 SAL.

242 401 379 439 Silium
413 408 583 439 mutasse
615 400 848 438 sententiam
883 399 995 438 Sicca
1024 399 1244 437 mirabatur.
1317 397 1514 448 Equidem

188 466 310 514 magis
346 466 461 503 miror
493 467 611 515 quod,
645 479 734 503 cum
769 465 808 502 in
840 464 963 502 filium
995 477 1154 502 causam
1193 465 1385 501 conferret
1414 477 1515 513 quae

188 531 282 567 mihi
314 544 392 568 non
424 531 566 568 iniusta
596 530 748 568 videtur
774 531 909 581 (habet
939 529 1044 567 enim
1075 530 1230 578 qualem
1258 528 1368 577 vult),
1395 528 1449 565 ais
1478 537 1515 566 te
1535 539 1551 570 5

187 604 333 644 putare,
357 596 386 633 si
407 595 678 633 addiderimus
705 595 811 632 aliud
832 608 854 631 a
882 608 961 643 quo
988 593 1162 642 refugiat,
1186 607 1276 631 cum
1297 594 1346 631 ab
1368 593 1454 642 ipso
1474 593 1515 631 id

189 661 299 698 fuerit
332 661 582 706 destinatum,
615 660 876 698 venditurum.
938 658 1102 707 Quaeris
1132 672 1154 696 a
1185 672 1247 696 me
1277 660 1384 708 quod
1415 672 1516 696 sum-

189 740 296 764 mum
329 727 494 776 pretium
528 726 763 763 constituam
796 734 833 763 et
866 734 1057 774 quantum
1084 723 1231 761 anteire
1258 723 1351 761 istos
1382 725 1515 761 hortos

188 791 316 828 Drusi.
375 790 535 829 Accessi
563 804 804 840 numquam:
835 789 1110 839 Coponianam
1132 788 1261 825 villam
1287 796 1323 826 et
1344 796 1514 826 veterem

185 862 221 893 el
249 870 328 894 non
359 870 541 905 magnam
571 856 672 902 novi,
697 855 833 893 silvam
856 854 1042 900 nobilem,
1066 855 1234 891 fructum
1261 861 1392 890 autem
1424 867 1515 890 neu-
1540 866 1576 888 10

186 921 291 967 trius,
315 923 423 970 quod
445 930 576 959 tamen
598 929 693 970 puto
715 934 787 958 nos
808 919 905 957 scire
926 927 1116 969 oportere.
1168 919 1245 955 Sed
1267 917 1361 954 mihi
1382 917 1515 955 utrivis

186 985 347 1023 istorum
370 994 546 1035 tempore
568 985 689 1034 magis
711 999 800 1022 meo
828 998 946 1034 quam
975 984 1124 1021 ratione
1151 982 1384 1020 aestimandi
1412 990 1511 1019 sunt.

189 1050 339 1087 Possim
373 1059 505 1088 autem
537 1050 701 1099 adsequi
742 1063 867 1087 necne
899 1057 939 1086 tu
972 1048 1087 1086 velim
1121 1047 1277 1096 cogites.
1339 1046 1377 1084 Si
1410 1046 1514 1084 enim

188 1116 448 1153 Faberianum
479 1117 704 1155 venderem.
732 1114 924 1164 explicare
954 1115 1013 1151 vel
1043 1111 1400 1162 repraesentatione
1434 1125 1514 1149 non

186 1180 406 1218 dubitarem
442 1182 492 1218 de
525 1180 688 1225 Silianis,
722 1179 751 1217 si
792 1181 913 1217 modo
943 1179 1204 1216 adduceretur
1242 1185 1284 1214 ut
1316 1177 1512 1214 venderet.
1539 1191 1574 1221 15

187 1245 225 1283 Si
265 1246 410 1283 venalis
450 1259 530 1283 non
570 1246 742 1291 haberet,
780 1243 980 1281 transirem
1024 1244 1074 1281 ad
1112 1245 1284 1280 Drusum
1320 1243 1379 1279 vel
1418 1241 1514 1279 tanti

186 1310 322 1360 quanti
352 1310 540 1360 Egnatius
566 1310 674 1347 illum
696 1311 794 1347 velle
819 1309 888 1347 tibi
916 1308 1022 1347 dixit.
1084 1309 1233 1357 lN'Iagno
1263 1307 1379 1345 etiam
1410 1307 1516 1344 adiu-

187 1384 320 1414 mento
355 1375 468 1413 nobis
506 1377 779 1424 Hermogenes
818 1381 946 1424 potest
980 1386 1065 1411 esse
1100 1372 1138 1409 in
1174 1373 1513 1422 repraesentando.

186 1443 238 1478 At
259 1448 300 1478 tu
322 1442 497 1479 concede
519 1441 624 1486 mihi,
649 1453 807 1490 quaeso,
830 1447 871 1477 ut
896 1452 944 1477 eo
964 1438 1097 1476 animo
1123 1438 1194 1475 sim
1221 1451 1300 1487 quo
1321 1437 1352 1474 is
1373 1437 1516 1475 debeat

185 1519 270 1543 esse
309 1506 375 1555 qui
415 1519 544 1544 emere
579 1505 721 1555 cupiat,
756 1512 793 1542 et
826 1512 958 1542 tamen
991 1503 1043 1541 ita
1074 1502 1199 1541 servio
1239 1501 1443 1552 cupiditati
1478 1509 1515 1540 et
1538 1515 1575 1536 20

186 1570 312 1608 dolori
345 1584 433 1608 meo
464 1578 505 1608 ut
534 1584 557 1608 a
587 1579 624 1608 te
656 1569 733 1619 regi
766 1569 892 1607 velim.

230 1716 409 1751 XXXII
515 1718 583 1750 Ser.
601 1719 749 1749 Assume
764 1730 783 1749 v
799 1718 842 1749 K.
860 1718 943 1757 Aps.
965 1728 994 1749 a.
1018 1727 1077 1757 709
1098 1718 1178 1757 (45⁸-

588 1807 760 1838 CICERO
792 1807 972 1837 ATTICO
1003 1806 1110 1837 SAL.

244 1897 431 1948 Egnatius
464 1897 559 1934 mihi
592 1896 753 1946 scripsit.
829 1897 867 1933 Is
902 1895 931 1932 si
965 1895 1061 1944 quid
1095 1902 1226 1932 tecum
1261 1895 1414 1932 locutus
1446 1892 1515 1931 erit

189 1961 526 2009 (commodissime
548 1961 653 1999 enim
681 1974 748 2010 per
775 1974 864 1998 eum
891 1959 952 2009 agi
980 1959 1126 2009 potest)
1145 1960 1195 1996 ad
1217 1972 1279 1996 me
1300 1958 1458 2003 scribes,
1479 1966 1516 1995 et
1537 1973 1575 2005 25

189 2029 228 2066 id
249 2029 444 2077 agendum
468 2035 573 2076 puto.
639 2027 743 2063 Nam
757 2039 847 2063 cum
870 2025 964 2063 silio
986 2038 1066 2062 non
1088 2024 1204 2062 video
1225 2023 1366 2061 confici
1388 2036 1513 2072 posse.

190 2093 310 2130 Piliae
334 2100 371 2130 et
393 2092 547 2129 Atticae
568 2093 744 2129 salutem.

231 2198 251 2226 6
275 2197 380 2227 aliudl
416 2196 496 2226 illud
529 2196 578 2226 vel
604 2196 730 2234 aliquid
760 2195 837 2225 coni.
872 2193 1061 2233 [Vesenbclg
1190 2203 1228 2223 10
1252 2197 1284 2223 et
1311 2191 1384 2222 add.
1420 2190 1513 2221 Man.

187 2241 320 2280 silvam]
348 2240 509 2269 Silianam
538 2238 726 2278 ll'aesenbcug
860 2248 889 2267 ιι
920 2238 1039 2267 utrivis
1064 2236 1090 2265 L
1114 2236 1254 2276 (marg.)
1281 2247 1309 2266 v.
1329 2246 1351 2266 c.
1378 2229 1421 2263 Zb
1442 2235 1518 2264 Cor-

189 2285 312 2315 radus:
345 2284 453 2313 utrius
478 2283 519 2312 M
632 2292 667 2320 14
694 2281 862 2320 explicare
881 2281 932 2311 vel
952 2280 1264 2320 repraesentatione
1281 2279 1350 2310 secl.
1369 2277 1520 2309 Schmidt

193 2339 230 2367 19
254 2333 286 2358 at
306 2333 337 2357 tu
355 2326 456 2356 Rom.
473 2338 478 2356 :
505 2331 561 2356 aut
577 2325 617 2354 Μ
