1742 2651
104 77 189 114 XV.
213 77 326 115 xvia
599 77 653 114 M.
686 76 853 113 TVLLI
889 76 1196 115 CICERONIS

234 189 354 227 modo
385 189 483 229 οἶκος
517 190 640 238 φίλος,
716 189 855 237 Itaque
890 201 953 225 me
988 189 1157 226 referunt
1191 190 1312 239 pedes
1346 188 1386 226 in
1417 190 1565 228 Tuscu-

233 255 377 292 lanum.
438 256 489 293 Et
509 262 641 292 tamen
662 255 759 291 haec
779 254 1026 304 ῥωπογραφία
1045 252 1192 302 ripulae
1213 253 1366 292 videtur
1386 254 1566 292 habitura

232 320 399 357 celerem
438 318 668 357 satietatem.
747 317 945 367 Equidem
994 316 1111 355 etiam
1159 318 1309 368 pluvias
1348 326 1493 365 metuo,
1534 318 1565 356 si

234 384 533 433 ‘Prognostica’
563 391 696 421 nostra
727 396 816 421 vera
845 390 964 429 sunt3
1011 396 1127 420 ranae
1157 382 1262 420 enim
1292 385 1562 433 ῥητορεύουσιν.

232 450 305 494 Tu,
340 462 498 498 quaeso,
535 450 595 486 fac
627 447 747 486 sciam
786 446 854 486 ubi
895 449 1060 485 Brutum
1095 455 1272 486 nostrum
1311 456 1349 487 et
1383 462 1464 498 quo
1502 449 1602 494 die5

232 513 363 552 videre
393 513 551 564 possim.

275 620 410 655 XVII
509 623 578 656 δον.
597 624 630 654 in
648 623 783 654 Antiati
791 627 893 664 poslr.
912 622 962 654 Id.
982 623 1057 653 Iun.
1076 633 1106 653 a.
1131 633 1187 661 710
1206 623 1293 664 (44).

638 700 810 731 CICERO
840 699 1022 730 ATTICO
1053 698 1157 730 SAL.

193 785 210 812 1
286 775 395 812 Duas
415 773 551 823 accepi
572 772 759 823 postridie
781 773 888 818 Idus,
907 773 1068 809 alteram
1089 785 1137 810 eo
1158 771 1222 810 die
1243 773 1387 819 datam,
1402 774 1563 811 alteram

230 838 379 877 Idibus.
440 838 551 876 Prius
581 837 695 888 igitur
724 836 922 887 superiori.
984 838 1046 875 De
1075 838 1131 874 D.
1165 839 1298 883 Bruto,
1331 852 1420 875 cum
1451 838 1561 876 scies.
1587 855 1625 877 10

230 906 291 943 De
321 905 529 942 consulum
560 904 653 941 ficto
682 902 821 940 timore
850 915 1122 951 cognoveram.
1181 901 1295 940 Sicca
1323 902 1428 940 enim
1459 907 1564 951 φιλο-

228 971 395 1022 στόργως
427 969 491 1007 ille
523 968 685 1018 quidem
717 968 787 1005 sed
817 966 1095 1004 tumultuosius
1129 968 1179 1005 ad
1215 981 1278 1006 me
1309 968 1427 1006 etiam
1457 968 1562 1006 illam

228 1035 493 1086 suspicionem
515 1033 683 1084 pertulit.
727 1032 836 1081 Quid
857 1040 898 1070 tu
919 1034 1082 1070 autem?
1114 1035 1180 1071 ίτὰ
1200 1036 1268 1083 μὲν
1284 1034 1452 1084 διδόμενα
1466 1036 1565 1073 ffi’?

228 1103 392 1139 Nullum
420 1101 526 1139 enim
549 1100 710 1138 verbum
732 1113 755 1136 a
779 1098 986 1148 †Siregio†.
1048 1100 1141 1136 Non
1167 1101 1305 1149 placet.
1368 1102 1429 1138 De
1456 1102 1563 1139 Plae-

227 1167 328 1205 torio
362 1166 491 1204 vicino
522 1173 590 1202 tuo
625 1165 860 1214 permoleste
890 1163 960 1201 tuli
993 1177 1235 1214 quemquam
1266 1165 1372 1215 prius
1406 1165 1563 1204 audisse
1586 1181 1622 1212 15

227 1245 347 1282 quam
369 1245 442 1269 me.
506 1232 566 1268 De
588 1231 684 1278 Syro
705 1230 926 1278 prudenter.
988 1231 1030 1266 L.
1051 1229 1269 1267 Antonium
1292 1244 1360 1280 per
1382 1232 1562 1269 Marcum

227 1298 394 1343 fratrem,
432 1303 473 1334 ut
511 1294 686 1341 arbitror,
723 1293 907 1332 facillime
941 1294 1166 1332 deterrebis.
1227 1296 1395 1334 Antroni
1434 1296 1564 1344 vetui3

227 1363 296 1400 sed
327 1362 505 1400 nondum
537 1372 744 1409 acceperas
774 1358 930 1405 litteras,
964 1373 1013 1397 ne
1043 1359 1228 1410 cuiquam
1258 1360 1331 1398 nisi
1363 1362 1406 1398 L.
1440 1361 1564 1400 Fadio

226 1427 354 1466 aedili.
414 1426 538 1464 Aliter
565 1425 670 1463 enim
702 1437 775 1462 nec
802 1432 916 1462 caute
942 1438 1016 1462 nec
1037 1424 1119 1463 iure
1140 1425 1221 1463 fieri
1242 1433 1381 1475 potest.
1441 1427 1563 1475 Quod

227 1492 363 1531 scribis
385 1491 455 1530 tibi
475 1492 613 1529 deesse
636 1491 706 1527 HS
728 1491 751 1527 ὃ
772 1502 873 1538 quae
895 1488 1077 1528 Ciceroni
1105 1497 1240 1528 curata
1266 1490 1353 1537 sint,
1376 1490 1492 1528 velim
1512 1491 1563 1528 ab
1585 1508 1623 1529 20

228 1560 347 1596 Erote
368 1569 531 1606 quaeras
553 1554 620 1593 ubi
641 1554 689 1592 sit
711 1567 859 1592 merces
881 1553 1107 1592 insularum.
1166 1554 1357 1592 Arabioni
1378 1556 1428 1593 de
1450 1554 1564 1593 Sittio

226 1623 323 1661 nihil
344 1622 498 1659 irascor.
559 1622 644 1669 Ego
660 1620 710 1657 de
726 1618 863 1656 itinere
884 1618 958 1656 nisi
979 1619 1173 1669 explicato
1193 1623 1276 1659 †A†
1292 1619 1389 1657 nihil
1409 1619 1539 1670 cogito
1554 1634 1564 1667 3

183 1700 209 1728 2
227 1689 334 1737 quod
356 1686 461 1725 idem
483 1684 553 1723 tibi
575 1683 696 1722 videri
717 1691 824 1734 putO.
887 1685 1027 1722 Habes
1048 1686 1098 1723 ad
1119 1685 1371 1735 superiorem.

282 1754 399 1790 Nunc
433 1750 525 1789 audi
554 1751 605 1788 ad
640 1750 812 1787 alteram.
873 1751 936 1786 Tu
968 1763 1059 1788 vero
1094 1750 1188 1787 facis
1220 1757 1262 1788 ut
1291 1750 1426 1788 onmia
1454 1751 1562 1800 quod

225 1817 409 1856 Serviliae
429 1830 510 1854 non
531 1817 636 1861 dees,
659 1815 699 1853 id
725 1822 782 1853 est
806 1817 938 1853 Bruto.
1001 1818 1063 1853 De
1091 1815 1223 1865 regina
1249 1816 1403 1865 gaudeo
1424 1822 1461 1853 te
1481 1829 1562 1853 non
1584 1831 1622 1862 25

225 1884 414 1930 laborare,
442 1890 582 1920 testem
613 1881 730 1919 etiam
762 1881 832 1919 tibi
864 1881 1029 1931 probari.
1092 1881 1221 1919 Erotis
1251 1881 1419 1918 rationes
1449 1888 1487 1918 et
1516 1895 1563 1918 ex

224 1949 371 1987 Tirone
398 1947 565 1998 cognovi
597 1955 634 1986 et
656 1947 792 1986 vocavi
821 1947 960 1997 ipsum.
1022 1946 1297 1985 Gratissimum
1319 1947 1427 1995 quod
1455 1945 1563 1995 polli-

223 2014 320 2053 ceris
343 2013 525 2052 Ciceroni
554 2013 651 2051 nihil
679 2014 930 2058 defuturum3
970 2012 1020 2049 de
1045 2025 1124 2061 quo
1155 2010 1346 2049 mirabilia
1378 2012 1563 2048 Messalla

222 2079 291 2129 qui
324 2079 502 2117 Lanuvio
536 2078 692 2117 rediens
726 2078 776 2115 ab
806 2075 880 2114 illis
915 2075 1020 2114 venit
1049 2077 1099 2114 ad
1134 2089 1211 2122 me,
1240 2083 1279 2113 et
1313 2088 1375 2112 me
1405 2075 1563 2112 hercule

271 2193 310 2213 10
335 2183 374 2213 D.
390 2182 466 2212 add.
487 2182 640 2213 Schmidt
756 2191 793 2219 14
818 2190 836 2209 a
854 2179 939 2209 Sara
958 2179 1052 2218 regio
1072 2178 1276 2209 Gronovius:
1301 2177 1355 2208 An
1374 2178 1468 2216 regio
1485 2189 1562 2207 cum

223 2227 430 2265 sequentibus
457 2225 578 2256 Gur-litt
600 2225 667 2256 coll.
693 2224 788 2254 Fam.
810 2224 828 2253 i.
853 2233 879 2261 7.
901 2225 922 2252 6
940 2234 946 2252 :
971 2233 990 2252 a
1015 2222 1146 2252 Circeio
1171 2221 1332 2255 Schmidt,
1351 2222 1388 2259 cf.
1407 2221 1499 2251 Serv.
1518 2220 1565 2250 ad

223 2270 309 2301 Aen.
326 2270 381 2301 vii.
404 2279 442 2299 10
585 2280 628 2299 20
653 2268 773 2298 deesse
791 2266 903 2306 vulga:
931 2266 1052 2296 desere
1068 2265 1155 2296 codd.
1174 2277 1181 2295 ε
1206 2266 1248 2295 de
1275 2264 1419 2294 residuis
1443 2264 1560 2294 Tume-

223 2313 283 2343 bus
416 2324 456 2343 22
482 2316 507 2342 A
520 2312 566 2345 M.
588 2311 680 2351 quod
693 2311 850 2350 explicant
865 2310 965 2348 λοιπῷ
983 2320 989 2339 :
1013 2309 1044 2339 A
1063 2310 1117 2349 (sc.
1137 2308 1265 2349 annuo)
1283 2307 1384 2338 Rom.
1520 2316 1562 2347 25

224 2357 315 2393 dees,
336 2356 367 2387 id
386 2361 439 2387 est
461 2355 536 2386 Vict.
557 2366 563 2385 :
588 2355 675 2385 desit
693 2359 744 2384 est
760 2353 816 2384 M:
843 2353 875 2383 id
893 2357 943 2383 est
962 2351 991 2383 C
