1742 2651
124 536 141 566 5

628 153 739 190 EPP.
771 153 849 189 AD
879 152 1139 191 ATTICVM
1472 153 1519 189 X.

164 276 236 312 ego
268 263 372 300 enim
404 264 455 301 ad
487 277 576 301 eum
609 262 789 309 scribam,
812 270 854 300 ut
883 269 924 300 tu
954 262 1037 311 ipse
1064 264 1183 309 voles,
1205 263 1256 300 de
1283 276 1328 300 ea
1354 276 1394 300 re
1419 276 1490 300 nos

163 327 262 366 inter
290 341 361 366 nos
389 329 551 366 locutos.
613 327 720 376 Quid
750 335 881 365 autem
910 327 1012 365 illius
1039 327 1208 373 interest,
1233 327 1421 377 quoniam
1450 327 1489 364 in

163 400 340 431 senatum
378 407 457 431 non
489 393 609 440 venis,
642 393 709 430 ubi
741 393 823 431 sis?
880 392 987 441 Quin
1023 406 1128 430 nunc
1163 392 1292 442 ipsum
1328 392 1489 430 minime

163 458 392 496 offendisses
413 458 496 496 eius
523 471 693 504 causam,
716 457 746 495 si
774 457 813 494 in
836 457 949 513 Italia
976 471 1057 495 non
1084 457 1246 495 fuisses.⁷
1303 458 1368 495 Ad
1389 470 1489 506 quae

162 535 233 571 ego
268 536 331 560 me
366 536 560 561 recessum
594 530 632 561 et
664 522 917 561 solitudinem
952 536 1150 571 quaerere,
1183 522 1351 560 maxime
1381 523 1490 571 quod

162 586 314 624 lictores
343 587 539 625 haberem.
602 587 793 625 Laudavit
821 586 1040 625 consilium.
1104 587 1235 635 ‘Quid
1262 588 1406 635 ergo?’
1437 586 1490 624 in-

162 665 278 701 quam
297 667 305 698 3
339 655 451 689 ‘nam
474 652 569 689 mihi
586 666 720 690 cursus
742 652 781 689 in
800 652 1005 690 Graeciam
1028 666 1096 702 per
1117 660 1224 690 tuam
1247 651 1488 701 provinciam

161 724 228 762 est,
252 716 439 765 quoniam
460 718 511 754 ad
533 730 844 765 maresuperum
870 716 1012 755 milites
1039 719 1154 755 sunt.’
1213 720 1221 736 ‘
1237 716 1344 765 Quid
1373 716 1491 754 mihi'

161 779 286 830 inquit
322 782 570 830 ‘optatius?’
629 783 721 819 Hoc
753 783 842 819 loco
877 783 1000 820 multa
1034 781 1324 832 perliberaliter.
1387 784 1490 831 Ergo

103 858 141 880 10
160 846 235 883 hoc
256 846 418 896 quidem
440 854 497 884 est
518 848 747 896 profectum,
772 855 813 885 ut
841 861 921 886 non
950 848 1072 886 modo
1100 855 1184 885 tuto
1209 861 1343 885 verum
1371 847 1487 885 etiam

101 1181 137 1214 15

96 1513 136 1534 20

159 913 287 961 palam
323 912 602 961 navigaremus.
665 911 835 961 Reliqua
869 912 907 950 in
944 920 1143 962 posterum
1176 912 1282 950 diem
1315 912 1490 959 distulit3

158 990 204 1014 ex
224 976 367 1026 quibus
390 976 557 1015 scribam
577 978 628 1014 ad
650 984 686 1015 te
708 977 738 1015 si
759 977 855 1026 quid
877 977 947 1015 erit
968 977 1135 1026 epistula
1155 977 1330 1027 dignum.
1390 979 1488 1016 Sunt

156 1049 289 1079 autem
311 1055 412 1091 quae
433 1041 624 1091 praeterii,
642 1041 959 1091 interregnumne
980 1049 1081 1080 esset
1103 1050 1405 1091 exspectaturus,
1425 1056 1485 1088 an,

158 1120 238 1156 quo
267 1108 388 1145 modo
413 1106 551 1145 dixerit
573 1106 636 1144 ille
657 1106 832 1155 quidem,
852 1107 903 1144 ad
924 1119 966 1144 se
986 1106 1127 1144 deferri
1148 1108 1395 1144 consulatum
1418 1109 1487 1145 sed

158 1185 199 1210 se
220 1173 325 1210 nolle
344 1171 384 1209 in
406 1171 626 1221 proximum
653 1184 812 1208 annum.
875 1173 924 1209 Et
944 1171 1019 1208 alia
1040 1179 1130 1209 sunt
1151 1185 1252 1221 quae
1273 1172 1480 1221 exquiram.

160 1238 317 1275 Iurabat
342 1238 393 1275 ad
420 1250 626 1282 summam,
650 1237 759 1285 quod
789 1237 898 1274 nullo
927 1236 1086 1285 negotio
1117 1237 1243 1274 facere
1272 1238 1372 1283 solet,
1394 1236 1488 1274 ami-

155 1302 356 1341 cissimum
374 1302 471 1340 mihi
487 1303 695 1341 Caesarem
710 1315 794 1339 esse
811 1302 966 1339 debere.
1027 1301 1134 1350 Quid
1149 1301 1253 1339 enim
1268 1304 1487 1351 umquam?

157 1371 165 1386 ‘
179 1368 338 1418 Scripsit
359 1370 409 1407 ad
440 1381 502 1406 me
529 1367 760 1405 Dolabella.'
812 1367 910 1404 ‘Dic
932 1366 1027 1416 quid
1041 1368 1078 1404 ?'
1126 1367 1373 1404 Adfirmabat
1395 1380 1484 1405 eum

155 1433 364 1484 scripsisse,
390 1434 499 1483 quod
525 1446 588 1470 me
617 1439 776 1481 cuperet
796 1433 846 1470 ad
869 1432 1005 1469 urbem
1026 1431 1169 1478 venire,
1192 1430 1301 1469 illurn
1323 1431 1483 1481 quidem

154 1498 294 1548 gratias
314 1513 427 1548 agere
452 1497 640 1536 maximas
663 1504 700 1535 et
721 1510 801 1534 non
822 1498 944 1535 modo
971 1497 1136 1546 probare
1161 1497 1230 1534 sed
1255 1496 1370 1534 etiam
1396 1510 1485 1546 gau-

154 1564 256 1602 dere.
318 1563 426 1612 Quid
456 1562 642 1613 quaeris?
671 1560 860 1611 acquievi.
922 1563 1067 1599 Levata
1094 1569 1151 1599 est
1179 1561 1285 1599 enim
1313 1561 1485 1611 suspicio

153 1628 217 1666 illa
238 1628 445 1667 domestici
468 1627 559 1666 mali
582 1635 619 1665 et
640 1626 831 1665 sermonis
854 1625 1036 1663 Hirtiani.
1083 1627 1214 1674 Quam
1237 1626 1354 1675 cupio
1375 1626 1483 1664 illum

152 1693 316 1743 dignum
344 1707 429 1732 esse
455 1692 569 1731 nobis
601 1700 639 1730 et
660 1706 779 1741 quam
808 1691 891 1741 ipse
920 1704 982 1729 me
1011 1690 1145 1737 invito,
1170 1695 1294 1740 iquae
1321 1704 1391 1741 pro
1418 1691 1484 1729 illo

153 1758 200 1795 sit
235 1758 516 1808 suspicandum
535 1761 569 1796 Η-
629 1758 708 1795 Sed
738 1770 837 1806 opus
867 1755 948 1801 fuit,
981 1755 1113 1793 Hirtio
1145 1764 1353 1794 convento.
1413 1758 1483 1794 Est

153 1824 328 1872 profecto
356 1822 489 1861 nescio
516 1821 623 1871 quid,
647 1823 717 1860 secl
743 1821 859 1859 velim
887 1834 1006 1870 quam
1035 1819 1210 1859 minimo.
1271 1822 1320 1859 Et
1350 1829 1481 1860 tamen

152 1901 243 1925 eum
265 1889 445 1926 nondum
467 1886 613 1925 redisse
635 1886 830 1924 miramur.
890 1886 969 1923 Sed
991 1886 1087 1923 haec
1108 1885 1341 1924 videbimus.

195 2002 212 2030 7
239 1991 332 2031 narn]
352 2002 430 2021 num
449 1991 573 2021 Sclzmz
710 2001 746 2029 14
772 1991 897 2021 dixerit
919 1991 1069 2020 Ernesti:
1104 1990 1199 2020 -erim
1225 1989 1290 2020 CM
1377 1993 1418 2022 ad
1445 2002 1482 2022 se

150 2034 298 2065 Ernesti:
324 2036 384 2065 sed
405 2034 474 2065 CM
608 2035 645 2064 16
668 2034 779 2065 facere
800 2034 886 2064 solet
905 2034 1020 2064 Orelli:
1046 2034 1174 2064 faceret
1191 2033 1232 2063 M
1363 2045 1400 2074 17
1426 2036 1482 2066 de·

150 2078 231 2108 bere
248 2078 313 2110 cod.
333 2077 622 2108 Helmslczdllensz's
644 2077 800 2108 Vrsinus:
832 2078 933 2108 debet
951 2076 992 2106 M
1086 2087 1242 2116 umquam
1261 2077 1316 2107 Ml
1334 2090 1341 2108 τ
1374 2079 1482 2118 inquit

150 2121 205 2151 M2
224 2121 323 2153 Rom.
391 2124 398 2138 ⁴
411 2122 499 2160 Quid
517 2122 607 2151 enim
620 2119 626 2131 ’
646 2120 754 2160 inquit
775 2121 930 2160 ‘scripsit
947 2122 989 2151 ad
1007 2131 1060 2151 me
1078 2121 1154 2151 Dol.
1167 2123 1177 2152 2
1190 2120 1197 2132 ³
1222 2121 1267 2150 ita
1284 2122 1485 2162 interpunxit

155 2164 297 2203 Tyrrell:
335 2165 443 2204 ‘Quid
471 2165 558 2194 enim
571 2167 580 2195 ἓ
594 2163 601 2175 ’
630 2165 737 2204 inquit
767 2166 775 2182 ‘
787 2165 922 2204 scripsit
957 2165 997 2195 ad
1032 2175 1084 2194 me
1121 2163 1209 2195 Dol.’
1237 2164 1370 2196 Baiter:
1399 2167 1480 2205 fort.

151 2210 158 2224 ‘
171 2208 260 2247 Quid
278 2209 408 2239 enim?³
435 2209 580 2247 inquam.
616 2209 624 2224 ‘
639 2208 778 2247 Scripsit
795 2209 838 2239 ad
856 2218 908 2238 me
926 2207 1012 2238 Dol.'
1107 2209 1145 2238 18
1172 2208 1234 2239 Die
1250 2208 1359 2239 Hand
1375 2221 1382 2239 :
1406 2210 1481 2240 dico

150 2250 197 2282 M.
252 2252 371 2282 Totum
388 2253 495 2282 locum
514 2253 558 2281 ita
575 2252 735 2291 ingeniose
751 2251 878 2291 refinxit
891 2251 979 2281 Koclz
995 2251 1176 2282 Caesarem
1193 2262 1280 2283 esse.
1333 2253 1340 2269 ‘
1354 2252 1480 2284 Dubito

152 2294 211 2331 (ila
235 2295 367 2331 Lamb.)
401 2295 559 2334 equidem
573 2293 581 2306 '
607 2295 752 2335 inquam.
802 2297 810 2312 ⁴
825 2294 969 2333 Scripsit
997 2295 1038 2325 ad
1066 2305 1119 2325 me
1149 2295 1344 2327 Dolabella.’
1397 2305 1404 2313 ·
1417 2297 1480 2327 Dic

149 2339 227 2376 quid
240 2341 249 2370 2
263 2338 270 2350 '
407 2340 454 2374 18,
475 2349 512 2377 19
537 2348 613 2368 eum
631 2339 807 2376 scripsisse
827 2338 985 2369 Graevius
1001 2350 1008 2368 :
1031 2349 1072 2369 eo
1091 2339 1180 2378 (cum
1197 2338 1267 2379 M-)
1286 2340 1479 2379 scripsisset

149 2381 192 2410 M
346 2392 386 2420 23
412 2382 514 2421 quae]
540 2382 581 2411 ad
600 2382 632 2411 id
649 2382 736 2420 quod
754 2381 880 2420 Kayser
1031 2392 1072 2421 24
1096 2383 1165 2412 sint
1181 2383 1223 2412 ad
1241 2383 1479 2421 suspicandum

149 2424 203 2455 Fr.
224 2424 377 2456 Schmidt
464 2424 534 2455 Sed
552 2434 638 2463 opus
655 2425 716 2455 suit
735 2424 848 2455 Hirtio
865 2427 1055 2456 convento?
1081 2425 1126 2455 ita
1143 2426 1382 2466 interpungunt
1395 2426 1479 2466 edd,

150 2479 234 2498 num
252 2473 327 2499 recte
341 2468 451 2499 dubito
583 2478 624 2506 25
649 2467 822 2499 minimum
839 2468 957 2499 Lamb.

1543 152 1589 188 iv

1509 921 1545 948 11
