1742 2651
549 142 660 177 EPP.
692 141 770 177 AD
801 140 1061 177 ATTICVM
1439 139 1511 176 XI.
1537 137 1615 174 viii

128 258 169 289 ut
191 252 306 290 huius
328 252 380 290 rei
402 266 519 290 causa
539 252 675 290 dedita
695 265 813 300 opera
835 250 962 288 mittat
982 250 1154 300 aliquem
1179 251 1336 288 Balbus.
1397 250 1461 288 Ad

128 330 228 365 quos
263 317 459 355 videbitur
497 316 613 355 velim
653 330 764 355 cures
804 315 948 354 litteras
988 328 1077 354 meo
1117 315 1288 353 nomine.
1349 316 1458 353 Vale.

128 392 205 418 xm
232 383 319 419 Kal.
345 384 427 420 Ian.

173 536 241 570 IX
432 538 500 569 Scr.
523 538 687 569 Brundisi
700 538 737 568 iii
749 537 834 568 Non.
856 537 929 568 Ian.
949 548 978 568 a.
1004 546 1062 576 707
1080 536 1166 577 (47).

92 637 109 668 5
545 626 718 657 CICERO
743 625 914 656 ATTICO
940 625 1037 655 SAL.

189 713 273 761 Ego
294 724 386 749 vero
413 718 451 748 et
472 710 638 756 incaute,
659 718 700 747 ut
722 708 869 755 scribis,
888 716 926 747 et
947 707 1110 746 celerius
1141 722 1259 758 quam
1290 709 1464 759 oportuit
1487 719 1503 746 1

132 776 206 814 feci
246 789 318 814 nec
358 775 397 812 in
437 777 515 813 ulla
545 789 630 813 sum
663 788 732 824 spe
762 774 908 824 quippe
943 773 1009 823 qui
1049 774 1347 824 exceptionibus
1386 775 1465 813 edi-

132 849 284 880 ctorum
308 840 483 879 retineas.
545 841 658 888 Quae
685 839 717 877 si
745 853 824 877 non
853 847 983 877 essent
1014 839 1222 877 sedulitate
1243 841 1406 878 effectae
1427 848 1465 879 et

133 905 424 946 †benivolentie
446 909 528 952 ναῒ,
546 905 678 943 liceret
709 904 804 942 mihi
833 904 941 942 abire
969 904 1007 941 in
1039 904 1271 942 solitudines
1300 905 1462 955 aliquas.

77 987 113 1008 ιο
134 973 252 1009 Nunc
274 985 323 1008 ne
345 971 384 1009 id
406 970 567 1020 quidem
589 970 690 1008 licet.
750 969 858 1018 Quid
880 977 1011 1007 autem
1034 983 1096 1007 me
1118 969 1223 1007 iuvat
1244 973 1352 1020 quod
1373 979 1464 1010 ante

133 1036 272 1074 initum
304 1036 546 1074 tribunatum
580 1035 680 1083 veni,
717 1035 748 1073 si
782 1035 911 1085 ipsum
942 1036 1050 1084 quod
1080 1034 1169 1072 veni
1199 1035 1296 1073 nihil
1331 1036 1465 1074 iuvat?

134 1103 219 1138 Iam
238 1101 334 1150 quid
355 1114 508 1150 sperem
529 1101 578 1138 ab
600 1114 647 1138 eo
669 1099 735 1149 qui
757 1099 853 1137 mihi
873 1099 1022 1137 amicus
1040 1113 1258 1149 numquam
1275 1101 1356 1147 fuit,
1373 1115 1463 1139 cum

132 1165 209 1203 iam
242 1168 326 1216 lege
358 1165 475 1204 etiam
504 1165 576 1203 sim
607 1166 810 1203 confectus
837 1172 875 1202 et
905 1166 1144 1214 oppressus?
1201 1165 1358 1204 Cotidie
1388 1167 1464 1204 iam

134 1230 247 1268 Balbi
278 1232 329 1268 ad
358 1244 420 1269 me
448 1231 597 1268 litterae
622 1229 884 1278 languidiores
919 1230 1144 1278 multaeque
1175 1231 1387 1268 multorum
1414 1232 1465 1269 ad

76 1308 111 1338 15
132 1295 242 1333 illum
278 1297 441 1334 fortasse
476 1304 612 1333 contra
646 1308 719 1333 me.
792 1296 888 1332 Meo
922 1293 1016 1331 vitio
1054 1307 1197 1344 pereo3
1237 1295 1334 1333 nihil
1369 1296 1465 1334 mihi

132 1360 223 1398 mali
249 1374 361 1399 casus
389 1361 527 1407 attulit,
553 1360 686 1399 omnia
715 1361 830 1409 culpa
854 1366 1055 1397 contracta
1085 1367 1185 1397 sunt.
1246 1362 1332 1410 Ego
1359 1361 1464 1400 enim

131 1440 223 1464 cum
243 1440 366 1475 genus
391 1426 483 1465 belli
505 1426 688 1472 viderem,
713 1425 903 1474 imparata
927 1432 964 1462 et
992 1424 1145 1462 infirma
1169 1425 1303 1463 omnia
1329 1434 1466 1465 contra

132 1492 408 1541 paratissimos,
429 1499 640 1529 statueram
661 1490 758 1540 quid
779 1491 947 1528 facerem
973 1502 1234 1538 ceperamque
1255 1491 1463 1530 consilium

132 1570 212 1594 non
247 1564 326 1594 tam
364 1559 462 1594 forte
495 1570 613 1606 quam
648 1555 742 1593 mihi
778 1562 930 1604 praeter
961 1562 1111 1592 ceteros
1146 1557 1461 1594 concedendum.

74 1635 113 1657 20
133 1622 243 1661 Cessi
272 1622 369 1660 meis
397 1624 457 1660 vel
487 1622 618 1671 potius
649 1621 769 1671 parui.
831 1622 890 1657 Ex
919 1619 1063 1669 quibus
1093 1633 1194 1657 unus
1224 1634 1302 1670 qua
1332 1629 1463 1660 mente
1483 1629 1509 1658 2

131 1687 255 1734 fuerit,
291 1688 321 1725 is
353 1701 472 1737 quem
505 1695 545 1724 tu
582 1687 675 1724 mihi
712 1686 981 1731 commendas,
1016 1698 1231 1735 cognosces
1263 1700 1309 1724 ex
1343 1686 1465 1736 ipsius

131 1752 266 1790 litteris
296 1766 397 1802 quae
426 1754 476 1790 ad
501 1760 539 1790 te
564 1760 601 1790 et
627 1753 678 1790 ad
703 1751 799 1789 alios
827 1750 942 1788 misit.
1003 1752 1113 1799 Quas
1143 1764 1215 1800 ego
1245 1765 1463 1801 numquam

129 1817 384 1867 aperuissem,
401 1817 474 1855 nisi
496 1830 555 1854 res
576 1824 663 1854 acta
684 1816 738 1854 sic
759 1824 871 1854 esset.
936 1816 1100 1853 Delatus
1121 1823 1179 1853 est
1199 1817 1249 1853 ad
1271 1829 1334 1854 me
1354 1816 1464 1855 fasci-

129 1884 251 1920 culus.
312 1882 428 1928 Solvi,
452 1882 482 1919 si
513 1882 609 1931 quid
638 1883 689 1919 ad
719 1895 782 1919 me
812 1888 914 1919 esset
944 1880 1168 1918 litterarum.
1229 1881 1339 1918 Nihil
1368 1889 1463 1929 erat,

73 1962 110 1993 25
130 1946 297 1996 epistula
330 1947 491 1985 Vatinio
522 1954 559 1985 et
596 1947 754 1996 Ligurio
783 1948 913 1985 altera.
986 1946 1087 1984 Iussi
1122 1947 1172 1984 ad
1207 1959 1274 1984 eos
1308 1947 1459 1985 deferri.

131 2011 193 2049 Illi
223 2013 273 2050 ad
298 2026 361 2050 me
392 2012 522 2050 statim
550 2013 732 2050 ardentes
760 2013 897 2050 dolore
922 2019 1113 2050 venerunt
1134 2013 1260 2049 scelus
1290 2012 1462 2052 hominis

130 2078 372 2125 clamantes3
403 2077 588 2126 epistulas
619 2076 715 2113 mihi
745 2078 921 2127 legerunt
951 2078 1088 2126 plenas
1119 2075 1297 2114 omnium
1328 2077 1367 2114 in
1398 2091 1461 2116 me

173 2191 193 2219 3
218 2191 281 2210 xm
300 2180 472 2212 Schmidt:
498 2190 545 2210 xn
563 2179 759 2220 Sternkopf:
784 2190 843 2210 xvr
863 2179 967 2209 MW:
994 2190 1027 2210 v1
1046 2180 1132 2220 vulg.
1281 2192 1302 2219 9
1326 2181 1460 2211 benivo-

130 2224 232 2254 lentie
259 2235 301 2254 ua
326 2224 404 2255 M¹2
446 2223 696 2253 benivolentiae
720 2234 786 2262 qua
815 2223 877 2254 W:
917 2224 1143 2254 benivolentia
1177 2228 1232 2254 tua
1261 2223 1318 2253 ΛΡ
1345 2225 1459 2264 vulg:

130 2268 368 2298 benevolentia
385 2268 497 2298 Vatini
523 2267 713 2306 Stemzkosgs:
742 2267 822 2306 fort.
850 2267 1088 2297 benevolentia
1113 2278 1216 2306 prava
1242 2268 1306 2307 (vel
1330 2268 1459 2307 iniqua)

134 2321 172 2349 13
197 2311 330 2341 Cotidie
347 2316 432 2342 vella
457 2312 511 2341 die
530 2309 631 2339 MW:
661 2311 696 2339 ln
715 2311 787 2341 dies
803 2310 902 2341 Klotz
1079 2312 1116 2339 16
1140 2321 1238 2341 casus
1256 2311 1365 2342 Mam:
1392 2311 1457 2349 cass.

135 2355 199 2392 (i.e.
228 2355 343 2388 causa}
375 2354 434 2385 M:
468 2364 586 2384 causas
615 2353 688 2382 WZ
803 2365 877 2384 mea
907 2358 982 2384 ante
1011 2353 1109 2393 culpa
1139 2354 1194 2383 dat
1224 2354 1288 2385 cod.
1320 2354 1463 2394 Longoli

130 2398 227 2436 culpa
248 2408 312 2428 om.
332 2397 377 2427 W
462 2400 500 2428 18
525 2402 707 2427 statueram
725 2396 884 2437 Madwgr:
911 2398 954 2428 sit
971 2407 1083 2427 veram
1101 2396 1268 2428 MU‘W:
1295 2398 1457 2428 sciveram

131 2440 318 2471 llI2O2ERs
449 2452 489 2479 24
515 2441 702 2471 litterarum
719 2445 810 2472 esset
832 2440 873 2470 W
