1742 2651
583 117 694 152 EPP.
728 116 805 152 AD
835 116 1094 153 ATTICVM
1399 117 1493 153 XII.
1518 115 1658 152 xxxiv

179 226 307 273 facias,
332 233 369 264 et
390 226 558 264 maxime
578 226 688 264 cuius
716 226 791 264 loci
818 226 1101 264 detractionem
1125 226 1204 264 fieri
1226 227 1326 264 velit.
1387 228 1508 275 Quod

179 292 284 330 enim
315 291 450 329 scribis
472 294 481 310 ‘
496 291 681 337 extremi,y
702 291 790 329 vide
815 305 864 329 ne
892 291 922 328 is
950 291 1033 340 ipse
1061 292 1170 329 locus
1192 291 1239 329 sit
1260 291 1370 329 cuius
1391 306 1509 329 causa

179 359 229 395 de
251 364 331 395 tota
352 371 404 404 re,
426 364 467 394 ut
495 356 579 403 scis,
603 364 661 395 est
687 371 710 395 a
737 356 852 395 nobis
877 356 1102 406 cogitatum.
1165 356 1269 395 Hirti
1300 357 1507 407 epistulam

180 422 250 461 tibi
271 422 358 460 misi
379 429 416 460 et
437 430 634 460 recentem
656 430 694 460 et
716 422 906 460 benevole
927 421 1122 471 scriptam.

141 581 158 612 5
223 575 394 611 XXXV
441 579 603 619 Scusorl.
625 581 657 610 in
673 579 861 610 suburbano
879 579 987 610 Siccae
1003 579 1046 611 K.
1063 584 1145 620 vesp.
1164 583 1223 610 ant
1240 590 1337 611 mane
1352 580 1385 611 vi
1397 580 1481 612 Non.

686 634 767 665 Mm'.
788 646 817 665 a.
840 644 897 674 709
918 634 999 674 (45).

584 722 752 753 CICERO
784 722 966 753 ATTICO
996 722 1100 753 SAL.

232 814 337 851 Ante
358 825 477 861 quam
498 825 520 849 a
541 819 578 850 te
599 811 773 861 proxime
795 811 970 852 discessi,
987 825 1203 861 numquam
1227 812 1322 850 mihi
1343 813 1447 851 venit
1469 812 1507 850 in
1530 817 1578 855 (2)

179 885 363 922 mentem,
387 891 466 926 quo
494 878 580 926 plus
607 877 850 926 insumptum
881 876 920 914 in
951 877 1240 915 monimentum
1268 885 1368 916 esset
1390 891 1507 927 quam

121 954 160 976 10
179 942 313 980 nescio
343 942 438 991 quid
467 943 575 991 quod
606 944 688 991 lege
718 942 962 985 conceditur,
984 943 1216 980 tantundem
1239 944 1386 992 populo
1416 944 1509 981 dan-

178 1008 274 1044 dum
306 1020 401 1044 esse.
462 1008 583 1055 Quod
613 1020 693 1044 non
728 1020 872 1056 magno
903 1020 1021 1056 opere
1056 1014 1240 1053 moveret,
1272 1007 1345 1044 nisi
1375 1007 1508 1045 nescio

177 1086 257 1121 quo
274 1073 405 1118 modo,
422 1073 567 1124 ἀλόγως
587 1074 758 1119 fortasse,
774 1074 920 1111 nollem
942 1072 1038 1110 illud
1060 1074 1139 1110 ullo
1161 1072 1321 1110 nomine
1342 1072 1414 1110 nisi
1431 1073 1509 1110 fani

175 1137 372 1187 appellari.
433 1139 554 1187 Quod
582 1137 613 1175 si
640 1139 831 1185 volumus,
855 1152 990 1176 vereor
1013 1152 1063 1176 ne
1092 1138 1255 1187 adsequi
1280 1152 1359 1176 non
1390 1138 1511 1188 possi-

178 1216 264 1240 mus
295 1202 368 1240 nisi
399 1210 550 1241 mutato
580 1205 678 1241 loco.
739 1205 832 1241 Hoc
863 1204 978 1253 quale
1008 1203 1066 1249 sit,
1100 1217 1260 1253 quaeso,
1290 1203 1506 1241 considera.

121 1280 156 1310 15
179 1270 282 1306 Nam
304 1268 375 1306 etsi
398 1268 527 1306 minus
553 1283 691 1319 urgeor
720 1282 863 1319 meque
888 1268 970 1318 ipse
1000 1282 1122 1319 prope
1153 1269 1317 1306 modum
1342 1268 1507 1318 conlegi,

178 1342 310 1372 tamen
346 1333 505 1384 indigeo
541 1333 595 1371 tui
634 1333 782 1372 consili.
858 1335 998 1384 Itaque
1033 1342 1070 1372 te
1105 1335 1358 1372 vehementer
1391 1334 1507 1372 etiam

176 1407 294 1449 atque
319 1399 436 1437 etiam
459 1413 552 1449 rogo
578 1399 699 1449 magis
727 1413 845 1449 quam
867 1413 889 1437 a
910 1413 972 1437 me
993 1399 1050 1437 vis
1074 1407 1141 1437 aut
1161 1399 1302 1449 pateris
1324 1407 1360 1438 te
1385 1399 1508 1449 rogari

178 1472 220 1503 ut
242 1466 343 1503 hanc
365 1464 643 1514 cogitationem
667 1472 750 1503 toto
772 1473 929 1515 pectore
949 1466 1197 1515 amplectare.

220 1613 418 1649 XXXVI
496 1617 564 1649 Ser.
584 1618 729 1649 Asturae
744 1629 764 1649 v
782 1617 868 1649 Non.
888 1616 968 1648 Mai.
989 1628 1019 1648 α.
1041 1626 1099 1656 709
1118 1616 1199 1656 (45).

119 1721 158 1741 20
582 1707 752 1738 CICERO
784 1707 965 1737 ATTICO
995 1705 1101 1738 SAL.

232 1799 382 1835 Fanum
406 1796 486 1835 fieri
509 1798 598 1834 volo
620 1811 748 1846 neque
775 1798 851 1835 hoc
880 1796 975 1834 mihi
1003 1794 1099 1845 eripi
1129 1802 1267 1844 potest.
1327 1793 1503 1844 Sepulcri
1523 1801 1539 1828 1

176 1862 472 1901 similitudinem
495 1864 662 1912 effugere
682 1876 762 1901 non
784 1870 863 1900 tam
885 1869 1043 1912 propter
1058 1874 1226 1911 poenam
1249 1859 1343 1909 legis
1364 1861 1505 1898 studeo

175 1941 293 1977 quam
316 1936 357 1966 ut
379 1927 548 1965 maxime
568 1929 761 1977 adsequar
781 1928 998 1966 ἀποθέωσιν.
1060 1926 1181 1975 Quod
1202 1933 1390 1975 poteram,
1414 1925 1443 1963 si
1466 1925 1505 1962 in

175 1992 259 2042 ipsa
290 1993 379 2030 villa
414 1995 608 2040 facerem3
639 1994 708 2031 sed
740 2001 781 2030 ut
813 2007 929 2043 saepe
961 1991 1081 2030 locuti
1113 2004 1259 2037 sumus,
1291 1998 1505 2029 commuta<

118 2067 156 2099 25
176 2057 302 2096 tiones
324 2058 576 2097 dominorum
608 2058 829 2096 reformido.
891 2059 938 2095 In
969 2071 1060 2107 agro
1092 2056 1333 2106 ubicumque
1363 2057 1502 2101 fecero,

176 2123 270 2160 mihi
292 2123 428 2162 videor
451 2123 615 2172 adsequi
645 2137 760 2173 posse
785 2130 827 2160 ut
853 2122 1058 2172 posteritas
1089 2121 1232 2160 habeat
1263 2121 1501 2171 religionem.

176 2190 266 2226 Hae
296 2203 406 2227 meae
437 2189 505 2227 tibi
537 2188 706 2238 ineptiae
731 2189 871 2239 (fateor
900 2187 1023 2237 enim)
1055 2188 1237 2226 ferendae
1268 2194 1382 2233 sunt3
1412 2200 1502 2224 nam

218 2292 238 2320 8
261 2302 280 2321 a
297 2296 330 2322 te
359 2303 388 2323 v.
400 2303 421 2323 c.
452 2291 479 2320 L
509 2291 648 2331 (marg)
675 2285 718 2320 Zb
745 2292 856 2322 Crat.:
894 2302 959 2321 0111.
989 2294 1040 2320 ΣΔ
1215 2301 1248 2320 ΙΙ
1276 2301 1329 2320 me
1354 2294 1503 2320 moveret

179 2334 367 2375 lesenbwg
510 2345 546 2364 21
575 2335 658 2374 eripi
675 2335 840 2365 Ruhnken
857 2347 863 2365 :
896 2336 943 2365 eri
962 2333 1012 2364 M¹
1030 2346 1036 2364 :
1068 2334 1205 2365 suaderi
1223 2345 1250 2365 v.
1271 2345 1312 2365 a:
1344 2335 1415 2364 erui
1435 2332 1499 2373 M2,

164 2379 244 2415 sort.
265 2382 358 2409 recte:
383 2379 461 2408 exui
480 2379 529 2408 ml
544 2379 729 2409 dissuaderi
747 2378 867 2410 Lamb.
1004 2389 1044 2418 27
1071 2376 1164 2418 narn]
1186 2388 1252 2408 non
1272 2381 1340 2407 vell.
