1742 2651
110 71 220 109 XVI.
243 70 291 108 iv
611 72 667 108 M.
699 71 867 108 TVLLI
900 71 1207 110 CICERONIS

197 180 382 220 2missae
417 189 556 221 essent.
616 183 777 221 Sextum
811 188 943 220 autem
975 181 1157 220 nuntiant
1195 195 1286 221 cum
1325 196 1404 221 una
1441 184 1569 222 solum

240 246 394 297 legione
421 247 539 285 fuisse
568 246 810 296 Karthagine
840 246 955 296 eique
983 260 1030 284 eo
1061 246 1147 296 ipso
1175 246 1238 286 die
1268 261 1348 298 quo
1378 247 1570 298 oppidum

240 313 406 350 Baream
428 312 594 361 cepisset
625 311 848 349 nuntiatum
878 324 963 350 esse
993 312 1043 350 de
1074 312 1251 358 Caesare,
1279 320 1394 362 capto
1421 312 1572 363 oppido

240 377 379 415 miram
399 376 587 416 laetitiam
612 376 1046 426 commutationemque
1073 376 1293 416 animorum
1321 391 1571 416 concursum-

239 456 318 492 que
347 442 548 491 undique3
578 442 648 479 sed
678 441 787 479 illum
816 442 868 479 ad
898 454 964 479 sex
993 440 1167 490 legiones
1197 455 1294 491 quas
1324 441 1363 479 in
1391 441 1571 481 ulteriore
1592 457 1609 489 5

239 507 459 557 reliquisset
488 506 700 544 revertisse.
760 507 826 544 Ad
857 505 986 556 ipsum
1020 513 1153 544 autern
1189 506 1384 545 Libonem
1419 506 1572 556 scripsit

241 572 337 610 nihil
359 586 444 610 esse
464 570 538 609 nisi
558 572 609 609 ad
630 573 750 609 larem
772 585 887 608 suum
908 570 1050 609 liceret.
1102 572 1265 609 Summa
1285 573 1571 621 postulatorum

240 645 283 675 ut
303 651 442 676 omnes
462 635 653 675 exercitus
680 635 927 674 dimittantur
946 635 1015 686 qui
1035 635 1183 686 ubique
1210 635 1296 673 sint.
1358 638 1472 676 Haec
1492 638 1571 676 fere

241 703 291 741 de
312 704 440 741 Sexto.

196 776 221 812 3
297 769 358 806 De
383 766 599 806 Buthrotiis
626 766 802 816 undique
837 780 1028 816 quaerens
1057 766 1154 804 nihil
1181 766 1433 816 reperiebam.
1493 767 1571 806 Alii
1594 782 1633 805 10

241 832 422 871 concisos
456 832 660 882 agripetas‚
693 831 757 869 alii
793 833 984 869 Plancum
1015 831 1186 881 acceptis
1219 831 1391 869 nummis
1429 832 1572 870 relictis

241 897 315 936 illis
338 898 544 948 aufugisse.
607 899 746 946 Itaque
773 910 854 935 non
874 896 991 935 video
1012 896 1199 935 sciturum
1220 911 1283 935 me
1304 896 1400 947 quid
1421 897 1504 936 eius
1524 897 1573 936 sit

242 962 281 1000 ni
303 963 433 1001 statim
453 962 603 1012 aliquid
624 962 848 1000 litterarum.

196 1035 223 1071 4
299 1029 379 1066 Iter
420 1028 517 1066 illud
566 1027 821 1065 Brundisium
869 1028 919 1066 de
967 1041 1047 1077 quo
1095 1028 1326 1067 dubitabam
1375 1030 1571 1068 sublatum

241 1092 403 1132 videtur.
466 1092 661 1142 Legiones
688 1091 793 1130 enim
814 1093 1026 1131 adventare
1050 1093 1243 1132 dicuntur.
1306 1096 1420 1133 Haec
1439 1102 1571 1133 autern
1596 1107 1632 1139 15

239 1158 437 1208 navigatio
458 1159 577 1196 habet
598 1159 790 1208 quasdam
818 1157 1064 1207 suspiciones
1089 1158 1260 1208 periculi.
1322 1161 1462 1209 Itaque
1483 1173 1573 1198 con-

239 1224 451 1262 stituebam
482 1223 537 1261 uti
566 1225 761 1274 ὁμοπλοίᾳ.
822 1223 1061 1262 Paratiorem
1092 1223 1197 1262 enirn
1228 1225 1375 1264 offendi
1407 1228 1572 1264 Brutum

238 1303 358 1339 quam
397 1289 619 1327 audiebam.
680 1290 784 1327 Nam
824 1296 862 1327 et
900 1289 984 1339 ipse
1022 1294 1060 1326 et
1095 1290 1293 1328 Domitius
1317 1291 1424 1329 bona
1457 1293 1573 1342 plane

240 1354 359 1392 habet
399 1354 551 1393 dicrota
589 1361 759 1404 suntque
798 1353 951 1404 navigia
989 1361 1188 1404 praeterea
1225 1357 1425 1395 luculenta
1458 1356 1570 1404 Sesti,

240 1420 448 1467 Buciliani,
468 1427 698 1459 ceterorum.
751 1421 855 1457 Nam
878 1419 989 1458 Cassi
1016 1422 1180 1458 classem
1202 1435 1303 1471 quae
1324 1424 1440 1472 plane
1469 1423 1573 1461 bella
1593 1435 1633 1458 20

239 1493 297 1523 est
325 1499 405 1524 non
434 1499 599 1523 numero
620 1486 719 1522 ultra
740 1486 891 1522 fretum.
953 1486 1057 1524 Illud
1082 1494 1140 1524 est
1161 1487 1257 1525 mihi
1284 1488 1571 1527 submolestum

240 1552 348 1600 quod
379 1564 516 1601 parum
548 1553 691 1588 Brutus
718 1563 925 1600 properare
947 1550 1110 1589 videtur.
1171 1552 1346 1591 Primum
1376 1555 1572 1592 confecto-

239 1630 324 1653 rum
346 1617 529 1654 ludorum
551 1615 710 1653 nuntios
732 1622 955 1665 exspectat3
984 1616 1141 1663 deinde,
1161 1625 1353 1667 quantum
1374 1618 1569 1669 intellego,

240 1683 349 1720 tarde
373 1689 431 1720 est
458 1681 707 1731 navigaturus
735 1680 954 1719 consistens
976 1681 1016 1720 in
1047 1682 1143 1721 locis
1170 1683 1356 1733 pluribus.
1417 1686 1571 1722 Tamen

239 1746 403 1785 arbitror
430 1761 514 1785 esse
542 1746 792 1785 commodius
823 1749 933 1787 tarde
958 1749 1138 1800 navigare
1159 1764 1278 1800 quam
1306 1750 1469 1789 omnino
1490 1765 1571 1789 non
1594 1761 1631 1794 ²5

241 1812 445 1862 navigare;
475 1821 513 1851 et
534 1812 579 1860 si,
595 1826 685 1851 cum
708 1815 1025 1863 processerimus,
1049 1815 1306 1866 exploratiora
1321 1816 1571 1865 videbuntur,

240 1877 370 1916 etesiis
391 1885 555 1916 utemur.

283 1984 324 2019 V
493 1989 562 2021 Ser.
583 1990 616 2020 z'n
633 1989 815 2021 Puteolano
832 1991 877 2021 vii
889 1990 939 2022 Id.
963 1991 1075 2030 Quint.
1096 2004 1126 2023 a.
1147 2003 1204 2032 710
1223 1994 1308 2034 (44).

650 2068 822 2099 CICERO
846 2068 1027 2099 ATTICO
1050 2069 1158 2102 SAL.

205 2145 222 2172 1
294 2139 401 2176 Tuas
431 2138 508 2176 iam
537 2139 682 2178 litteras
712 2143 854 2179 Brutus
883 2142 1145 2191 exspectabat.
1206 2141 1280 2181 Cui
1308 2141 1469 2192 quidem
1498 2155 1570 2192 ego
1592 2154 1631 2185 30

242 2200 356 2255 [non]
379 2217 526 2241 novum
547 2206 753 2242 attuleram
768 2207 818 2243 de
832 2207 960 2244 Tereo
975 2207 1082 2244 Acci.
1127 2208 1198 2244 Ille
1213 2208 1377 2245 Brutum
1393 2207 1568 2257 putabat.

288 2317 326 2345 14
351 2307 594 2338 Brundisinum
611 2308 694 2338 Pius
818 2319 854 2348 17
873 2310 961 2339 enim
977 2310 1074 2340 ORP
1084 2310 1171 2342 Crat.
1192 2322 1198 2341 :
1225 2321 1289 2341 om.
1302 2310 1344 2341 M
1476 2312 1514 2342 18
1537 2315 1570 2341 et

242 2350 320 2381 add.
336 2350 515 2391 qummm
658 2362 696 2391 31
724 2363 790 2382 non
809 2352 864 2384 del.
888 2353 1055 2384 Corradus
