1742 2651
560 135 671 171 EPP.
704 135 781 171 AD
812 135 1071 172 ATTICVM
1433 132 1543 168 XVI.
1568 140 1628 166 xv

147 253 215 283 est.
275 245 499 284 Terentiam
540 245 661 284 dico?
702 245 777 284 scis
815 259 887 283 nos
925 245 1078 295 pridem
1118 244 1195 282 iam
1229 243 1479 282 constituisse

149 311 332 349 Montani
367 311 527 350 nomine
568 313 638 349 HS
672 312 761 349 Χ-Χῦ
791 311 1013 349 dissolvere.
1078 309 1369 348 Pudentissime
1402 310 1479 347 hoc

148 376 287 415 Cicero
316 375 479 426 petierat
508 383 551 414 ut
580 377 659 415 fide
688 390 767 414 sua.
830 374 1133 422 Liberalissime,
1154 382 1196 412 ut
1222 374 1293 412 tibi
1320 387 1479 424 quoque

146 442 355 491 placuerat,
378 440 633 491 promiseram
655 441 845 491 Erotique
865 440 1038 479 dixeram
1060 447 1102 478 ut
1123 439 1338 489 sepositum
1363 439 1480 477 habe-

109 519 125 550 5
146 512 212 543 ret.
274 507 367 543 Non
389 507 570 548 †modo†
590 507 659 544 sed
684 505 931 555 iniquissimo
955 507 1114 543 faenore
1134 518 1332 543 versuram
1352 505 1478 542 facere

146 570 327 608 Aurelius
359 578 519 608 coactus
551 578 618 609 est.
679 572 782 608 Nam
812 571 863 608 de
883 569 1093 608 Terentiae
1122 568 1284 607 nomine
1303 568 1398 606 Tiro
1426 569 1477 606 ad

146 648 209 672 me
233 635 385 684 scripsit
405 643 443 673 te
463 635 594 673 dicere
620 648 805 673 nummos
831 649 854 672 a
876 635 1086 672 Dolabella
1106 635 1197 673 fore.
1259 635 1366 672 Male
1387 647 1477 672 eum

145 700 263 738 credo
294 699 539 747 intellexisse,
569 700 599 738 si
629 700 837 750 quisquam
868 701 970 738 male
1000 699 1199 749 intellegit,
1222 698 1352 749 potius
1382 697 1478 736 nihil

145 764 389 803 intellexisse.
449 767 511 803 Tu
541 765 647 804 enim
676 767 727 804 ad
762 779 825 803 me
855 764 1041 815 scripsisti
1071 765 1216 804 Coccei
1246 776 1477 814 responsum

88 844 126 864 10
145 837 183 867 et
210 829 335 868 isdem
365 844 490 880 paene
520 830 647 868 verbis
669 833 777 868 Eros.
835 829 1091 867 Veniendum
1121 837 1179 867 est
1208 828 1323 878 igitur
1348 829 1408 866 vel
1438 827 1477 865 in
1497 829 1524 866 6

144 894 268 943 ipsam
296 896 506 933 flammam.
566 895 736 944 Turpius
765 902 823 933 est
853 894 958 933 enim
986 893 1165 943 privatim
1192 894 1332 932 cadere
1358 906 1477 942 quam

143 959 312 1008 publice.
385 961 525 1009 Itaque
555 959 692 998 ceteris
721 961 771 998 de
801 960 917 998 rebus
948 973 1045 1009 quas
1074 960 1125 997 ad
1155 972 1218 997 me
1247 956 1476 996 suavissime

144 1024 330 1074 scripsisti
351 1025 577 1074 perturbato
602 1024 735 1063 animo
762 1038 843 1062 non
867 1024 989 1075 potui,
1013 1032 1054 1062 ut
1080 1037 1324 1070 consueram,
1347 1022 1477 1061 rescri-

146 1089 249 1127 bere.
310 1089 518 1129 †consenti
545 1089 585 1127 in
612 1091 685 1128 hac
714 1104 820 1135 cura,
840 1090 907 1128 ubi
937 1094 1064 1136 suni†,
1089 1098 1130 1127 ut
1158 1103 1221 1127 me
1247 1088 1479 1139 expediam3

91 1167 127 1199 15
149 1154 292 1204 quibus
312 1163 444 1193 autem
465 1155 582 1194 rebus
602 1155 708 1193 venit
732 1155 893 1205 quidem
921 1155 1017 1193 mihi
1038 1155 1077 1192 in
1100 1162 1273 1193 mentem
1295 1155 1363 1192 sed
1385 1153 1479 1192 certi

147 1219 385 1258 constituere
412 1219 509 1257 nihil
529 1233 691 1269 possum
712 1219 816 1270 prius
837 1233 956 1270 quam
978 1228 1015 1259 te
1036 1219 1181 1258 videro.
1242 1218 1321 1268 Qui
1349 1218 1479 1257 minus

145 1292 277 1322 autem
298 1297 372 1333 ego
392 1283 478 1322 istic
499 1292 602 1322 recte
623 1298 707 1323 esse
728 1284 875 1334 possim
897 1298 1016 1334 quam
1038 1292 1095 1322 est
1117 1285 1358 1322 Marcellus?
1401 1285 1479 1322 Sed

144 1362 223 1386 non
255 1348 295 1386 id
325 1348 450 1398 agitur
474 1362 604 1399 neque
638 1348 678 1388 id
711 1349 880 1387 maxime
914 1362 1034 1397 curo3
1068 1349 1164 1399 quid
1195 1362 1328 1387 curem
1355 1348 1475 1387 vides.

144 1414 299 1451 Adsum
320 1412 445 1463 igitur.

88 1626 131 1649 20
227 1617 337 1653 XVI
383 1620 454 1653 Ser.
474 1622 508 1651 in
531 1621 715 1652 Tusculano
733 1623 813 1652 inser
828 1633 847 1652 v
863 1626 891 1651 ct
901 1622 988 1663 prid.
1003 1622 1091 1653 Non.
1109 1622 1221 1662 Quint.
1237 1633 1268 1654 a.

730 1677 786 1705 710
814 1668 898 1706 ¹244)-

429 1765 604 1796 CICERO
635 1766 723 1796 SVO
759 1765 858 1797 SAL.
892 1766 980 1796 DIC.
1016 1765 1199 1797 ATTICO.

200 1865 512 1904 Iucundissimas
551 1873 635 1903 tuas
675 1865 747 1915 legi
787 1865 941 1903 litteras.
1002 1867 1067 1904 Ad
1102 1868 1291 1905 Plancum
1331 1866 1475 1918 scripsi,
1500 1881 1518 1908 1

146 1930 243 1968 misi.
314 1931 452 1968 Habes
491 1931 725 1980 exemplum.
790 1931 893 1969 Cum
923 1929 1070 1968 Tirone
1109 1931 1204 1980 quid
1243 1931 1291 1969 sit
1324 1933 1478 1971 locutus

88 2013 125 2044 25
145 2008 383 2044 cognoscam
422 2009 468 2033 ex
507 1995 602 2044 ipso.
682 1996 784 2034 Cum
828 2008 958 2033 sorore
998 2009 1091 2045 ages
1133 1996 1329 2043 attentius,
1371 1997 1401 2035 si
1441 2006 1522 2036 te2

145 2060 407 2109 occupatione
436 2060 508 2097 ista
538 2059 726 2098 relaxaris.

192 2174 205 2193 1
223 2164 417 2193 Terentiam
443 2163 531 2193 codd.
548 2175 554 2192 1
580 2163 762 2194 Terentiae
779 2166 858 2195 coni.
880 2171 932 2205 ap,
952 2165 1070 2197 Lamb.
1165 2177 1184 2206 3
1210 2173 1244 2198 ut
1262 2167 1330 2197 fide
1347 2177 1407 2197 Sua
1424 2165 1477 2198 Z:

146 2213 180 2237 ut
195 2208 273 2237 inde
286 2207 349 2246 (vel
363 2208 456 2236 videl
474 2217 535 2236 suo
548 2207 607 2237 M:
633 2209 679 2237 uti
696 2209 738 2238 de
755 2219 816 2238 suo
834 2220 863 2239 v.
876 2221 898 2239 c.
917 2213 948 2239 ct
959 2220 976 2239 s
993 2221 1031 2239 ex
1049 2210 1235 2250 coniectura,
1258 2215 1295 2240 ut
1309 2210 1373 2241 vid.
1457 2220 1477 2249 5

146 2250 260 2290 modo]
280 2251 414 2280 modico
431 2251 563 2281 Baiter:
587 2253 686 2281 modo
708 2262 775 2281 non
789 2253 868 2282 fecit
885 2251 914 2281 L
936 2253 1078 2293 (marg.)
1184 2264 1221 2292 14
1247 2255 1416 2285 contende
1442 2255 1476 2284 in

145 2295 207 2324 hac
222 2305 300 2324 cura
315 2305 444 2324 mecum
461 2295 546 2324 Boot
562 2307 569 2325 ε
593 2296 755 2325 consenui
773 2297 806 2325 in
818 2296 880 2326 hac
891 2306 970 2326 cura
984 2297 1037 2326 ubi
1049 2307 1121 2327 sum
1135 2295 1295 2338 Madvig:
1322 2299 1476 2328 consenti

144 2338 208 2368 hac
225 2349 304 2368 cura
321 2339 377 2368 ubi
394 2349 468 2368 sum
490 2338 626 2377 Tyrrell:
653 2339 824 2369 contendo
841 2340 905 2369 iam
921 2339 1048 2369 Astura
1065 2341 1119 2370 ubi
1139 2351 1211 2371 sum
1230 2341 1349 2370 Gnrlfll
1441 2351 1478 2379 15

146 2383 228 2411 certi
258 2382 356 2411 Orellz
373 2393 379 2411 :
406 2386 498 2413 certe
526 2381 617 2412 codd.
767 2393 807 2422 24
831 2383 891 2423 sit]
921 2384 969 2412 sis
997 2383 1163 2414 Corradus

188 2475 250 2496 cic.
270 2475 318 2495 AD
334 2474 406 2495 AT‘r.
1346 2468 1387 2498 37
