1742 2651
481 439 652 477 LIBER
687 439 947 487 QVARTVS
988 438 1243 477 DECIMVS

623 559 724 605 AD
776 559 1112 607 ATTICVM

244 690 268 724 Ῑ
412 691 481 723 Scr.
503 692 536 722 in
553 692 741 722 suburbano
759 692 847 722 Mati
861 692 905 722 vii
918 691 967 722 Id.
987 691 1072 732 Apr.
1094 702 1124 722 a.
1147 701 1203 730 710
1223 691 1309 733 (44).

613 780 787 811 CICERO
818 779 990 810 ATTICO
1024 780 1120 810 SAL.

258 874 450 910 DEVERTI
472 872 523 909 ad
544 871 653 908 illum
674 872 724 908 de
745 884 825 920 quo
847 878 977 908 tecum
1000 883 1125 907 mane.
1186 869 1296 907 Nihil
1318 869 1530 919 perditius3
1551 881 1567 907 1

203 935 385 985 explicari
406 949 487 973 rem
516 949 595 972 non
624 948 749 985 posse.
813 935 995 972 ‘Etenim
1026 935 1056 972 si
1082 935 1145 973 ille
1173 934 1239 972 tali
1270 934 1428 984 ingenio
1457 932 1531 972 exi-

165 1017 181 1047 5
203 1008 287 1038 tum
317 1014 398 1038 non
428 1000 655 1050 reperiebat,
686 1000 772 1049 quis
803 1014 908 1037 nunc
939 1000 1153 1050 reperiet?’
1211 1001 1320 1048 Quid
1351 999 1533 1048 quaeris?

204 1066 349 1116 perisse
369 1065 503 1103 omnia
522 1065 651 1103 aiebat
673 1066 797 1115 (quod
819 1066 925 1103 haud
953 1065 1035 1103 scio
1061 1079 1110 1102 an
1136 1065 1188 1102 ita
1209 1064 1257 1102 sit
1274 1080 1283 1112 ς
1313 1078 1447 1102 verum
1468 1065 1532 1102 ille

203 1131 396 1181 gaudens)
417 1132 677 1181 adfirmatque
698 1131 827 1168 minus
844 1131 984 1169 diebus
1006 1143 1064 1168 XX
1086 1132 1298 1168 tumultum
1322 1130 1528 1168 Gallicum.

205 1198 252 1234 In
292 1209 513 1234 sermonem
549 1210 590 1234 se
621 1204 708 1246 post
742 1198 837 1235 Idus
874 1197 1035 1234 Martias
1069 1204 1341 1246 praeterquam
1377 1196 1531 1246 Lepido

203 1262 356 1300 venisse
386 1261 545 1300 nemini.
606 1263 670 1299 Ad
698 1276 893 1300 summam
920 1276 999 1300 non
1031 1275 1146 1312 posse
1178 1262 1296 1300 istaec
1327 1262 1381 1299 sic
1410 1261 1530 1300 abire.

146 1345 184 1366 10
206 1328 241 1365 O
273 1328 508 1376 prudentem
533 1327 732 1376 Oppium!
772 1328 839 1377 qui
870 1327 994 1365 nihilo
1024 1327 1153 1364 minus
1184 1327 1292 1364 illum
1324 1326 1534 1374 desiderat,

205 1394 275 1431 sed
304 1393 476 1442 loquitur
506 1392 602 1430 nihil
624 1393 731 1442 quod
762 1406 1003 1442 quemquam
1034 1393 1184 1430 bonum
1212 1393 1397 1431 offendat.
1456 1393 1534 1430 Sed

205 1459 302 1496 haec
322 1459 523 1496 hactenus.

258 1525 331 1569 Tu,
364 1536 522 1572 quaeso,
553 1522 743 1573 quiequid
773 1523 863 1561 novi
888 1523 1029 1573 (multa
1057 1530 1190 1561 autem
1221 1522 1423 1573 exspecto)
1445 1522 1532 1560 scri·
1551 1531 1576 1559 2

205 1589 296 1628 bere
329 1603 378 1627 ne
407 1590 566 1639 pigrere,
601 1589 640 1626 in
671 1589 731 1627 his
766 1590 815 1628 de
851 1591 969 1627 Sexto
998 1589 1143 1627 satisne
1173 1597 1338 1636 certum,
1365 1588 1532 1626 maxime

148 1671 183 1702 15
204 1663 336 1693 autem
371 1656 421 1693 de
457 1657 579 1693 Bruto
618 1663 763 1693 nostro.
826 1657 887 1693 De
920 1668 1000 1705 quo
1031 1655 1192 1704 quidem
1232 1655 1296 1692 ille
1329 1656 1379 1692 ad
1414 1668 1532 1704 quem

205 1720 367 1765 deverti,
397 1721 606 1759 Caesarem
638 1719 795 1757 solitum
825 1720 967 1767 dicere,
1001 1719 1166 1769 ‘Magni
1197 1721 1310 1757 refert
1344 1719 1408 1756 hic
1438 1719 1534 1768 quid

205 1785 308 1832 velit,
331 1786 400 1823 sed
421 1785 610 1835 quicquid
630 1787 712 1822 vult
732 1786 845 1823 valde
866 1787 948 1823 vult
965 1787 972 1802 ⁷
989 1800 998 1832 3
1028 1785 1147 1835 idque
1175 1798 1266 1823 eum
1293 1785 1535 1822 animadver-

206 1851 298 1889 tisse
328 1865 418 1889 cum
448 1864 518 1900 pro
550 1850 737 1888 Deiotaro
759 1850 931 1889 Nicaeae
952 1851 1091 1889 dixerit
1108 1865 1118 1898 ,ς
1148 1851 1261 1888 valde
1282 1851 1535 1888 vehementer

207 1930 297 1955 eum
319 1916 444 1954 visum
473 1924 510 1953 et
537 1915 657 1953 libere
685 1915 838 1962 dicereg
866 1924 985 1966 atque
1006 1916 1124 1954 etiam
1147 1916 1205 1966 (ut
1226 1915 1331 1953 enim
1359 1915 1534 1965 quidque

148 1996 188 2018 20
208 1981 396 2020 succurrit
430 1981 525 2019 libet
555 1980 741 2031 seribere)
774 1981 960 2030 proxime,
997 1994 1087 2019 eum
1124 1980 1223 2019 Sesti
1258 1987 1393 2029 rogatu
1426 1980 1533 2028 apud

251 2095 271 2123 3
298 2085 426 2115 Diverti
441 2084 468 2114 C
555 2094 571 2122 7
597 2084 862 2123 adfirmabatque
873 2095 901 2114 v.
912 2095 935 2114 c,
949 2084 976 2113 L
991 2086 1130 2124 (marg.)
1145 2080 1189 2114 ΖΒ
1206 2097 1212 2116 :
1231 2085 1427 2115 adfirmabat
1443 2084 1531 2114 Crat.

207 2130 228 2159 8
254 2129 381 2168 Lepido
399 2127 534 2158 FMan.
553 2141 559 2158 :
593 2128 640 2157 -di
667 2128 706 2156 M
792 2139 813 2166 9
838 2128 940 2158 istaec
966 2128 1062 2158 Rom.
1081 2128 1167 2168 vulg.
1187 2141 1193 2159 :
1229 2130 1294 2159 ista
1311 2134 1345 2158 et
1362 2127 1411 2157 M'
1429 2140 1435 2158 :
1470 2129 1532 2158 ista

208 2171 264 2202 M‘-'
378 2182 416 2202 10
441 2172 624 2210 pudentem
641 2171 773 2201 Ernesti
887 2182 924 2210 14
950 2171 1063 2201 Sestio
1081 2171 1180 2203 Rom.
1304 2174 1343 2202 16
1368 2171 1442 2201 Non
1460 2175 1534 2201 ante

209 2216 320 2254 magni
352 2215 428 2245 add.
447 2214 580 2244 Brandt
736 2225 771 2253 17
796 2214 873 2254 sed]
900 2215 1030 2245 scilicet
1054 2215 1207 2246 Schmidt
1359 2216 1428 2245 vult
1455 2240 1460 2244 .
1488 2239 1495 2245 .
1522 2239 1530 2246 .

209 2260 279 2289 vult
297 2258 350 2288 M‘2
371 2271 377 2289 z
402 2259 492 2288 volet
510 2283 516 2288 .
537 2282 544 2288 .
567 2283 573 2289 .
593 2257 684 2288 volet
701 2254 798 2287 M¹Z⁶
819 2259 852 2296 (i.
868 2270 890 2289 e.
909 2259 938 2288 Z
959 2258 1138 2289 secundnm
1161 2260 1362 2291 annebmn.
1380 2260 1417 2298 cs.
1438 2258 1535 2289 Clark

209 2304 242 2332 in
268 2302 496 2342 ‘Philologus’
526 2310 640 2341 319017
662 2307 717 2341 pp.
744 2312 801 2331 201
821 2302 872 2342 ff.)
903 2313 964 2333 tac.
1106 2304 1143 2332 18
1169 2303 1314 2334 Nicaeae
1344 2304 1410 2332 dix.
1440 2306 1534 2332 veta:

210 2346 305 2375 nicae
321 2347 409 2376 edix.
429 2345 469 2374 M
591 2345 714 2374 dixerit
732 2345 818 2377 redd.
836 2357 841 2375 z
866 2346 994 2376 diceret
1011 2346 1143 2376 Ernesti
1288 2357 1330 2377 20
1355 2346 1445 2376 Sesti
1463 2348 1536 2376 vett.

209 2390 275 2419 coll.
295 2400 322 2419 2.
341 2399 382 2428 3:
409 2389 504 2419 Sexti
519 2388 559 2418 M
