1742 2651
65 95 151 131 XV.
174 95 250 131 xiii
570 96 625 132 M.
657 95 824 132 TVLLI
856 94 1163 133 CICERONIS

199 208 382 243 humana.
444 208 505 244 De
536 208 658 243 Bruto
678 213 716 244 te
738 205 834 242 nihil
855 205 953 243 scire
973 205 1082 251 dicis,
1106 206 1175 243 sed
1196 203 1357 243 Servilia
1375 203 1529 242 venisse

200 273 256 308 M.
280 271 481 320 Scaptium
503 276 699 320 †eumque
730 284 810 308 non
841 283 919 319 qua
948 275 1121 320 pompa†
1141 271 1192 308 ad
1214 284 1255 308 se
1275 277 1408 307 tamen
1428 270 1529 306 clam

199 343 407 373 venturum
443 335 710 384 sciturumque
742 348 805 373 me
837 334 996 382 omnia,
1034 348 1136 384 quae
1165 348 1239 384 ego
1267 333 1408 371 statim.
1469 335 1531 370 In-

200 407 305 438 terea
343 408 471 438 narrat
510 401 649 438 eadem
691 399 801 437 Bassi
844 413 999 438 servum
1038 399 1191 437 venisse
1230 398 1297 448 qui
1336 398 1532 436 nuntiaret

200 465 373 515 legiones
404 464 690 503 Alexandrinas
720 464 760 502 in
790 463 907 502 armis
938 478 1034 511 esse,
1059 466 1224 502 Bassum
1254 462 1408 509 arcessi,
1441 463 1532 501 Cas-

201 530 302 568 sium
342 529 567 579 exspectari.
629 529 737 578 Quid
771 529 956 578 quaeris?
998 529 1153 567 videtur
1187 542 1246 566 res
1281 527 1440 577 publica
1473 526 1532 564 ius

201 609 315 633 suum
346 595 617 645 reciperatura.
677 596 756 633 Sed
777 609 826 633 ne
847 594 944 644 quid
964 602 1066 633 ante.
1127 594 1243 632 Nosti
1270 595 1411 631 horum
1431 606 1533 630 exer-

201 660 429 699 citationem
451 660 490 698 in
512 659 716 698 latrocinio
738 668 776 698 et
796 659 1025 698 amentiam.

258 726 466 763 Dolabella
505 725 560 763 vir
604 725 789 775 optimus,
831 725 914 771 etsi,
956 739 1047 763 cum
1093 724 1315 762 scribebam
1359 723 1534 761 secunda

203 804 338 828 mensa
367 789 557 840 apposita,
581 789 734 828 venisse
755 803 846 827 eum
873 791 924 827 ad
950 789 1064 827 Baias
1085 789 1307 834 audiebam,
1330 796 1462 826 tamen
1482 787 1533 824 ad

203 868 267 893 me
297 869 342 893 ex
374 854 585 892 Formiano
611 854 772 904 scripsit,
801 867 898 903 quas
926 853 1072 892 litteras
1102 867 1193 891 curn
1215 867 1236 891 e
1256 853 1414 891 balineo
1440 851 1535 889 exis-

203 933 286 958 sem
325 919 472 969 accepi,
509 932 594 958 sese
633 920 684 957 de
722 918 978 957 attributione
1017 918 1152 957 omnia
1192 931 1346 956 summa
1384 917 1532 955 fecisse.

202 985 434 1023 Vettienum
465 991 624 1022 accusat
649 984 824 1034 (tricatur
856 984 1004 1022 scilicet
1036 992 1077 1021 ut
1112 982 1348 1033 monetalis),
1383 983 1453 1020 sed
1483 981 1535 1019 ait

203 1058 331 1088 totum
353 1050 555 1099 negotium
577 1050 746 1087 Sestium
772 1058 950 1087 nostrum
976 1049 1205 1099 suscepisse,
1230 1048 1425 1098 optimum
1455 1047 1537 1096 qui-

203 1117 295 1154 dem
317 1115 426 1153 illum
454 1115 579 1152 virum
609 1114 811 1164 nostrique
837 1114 1164 1152 amantissimum.
1225 1114 1383 1162 Quaero
1403 1120 1534 1150 autem

204 1180 300 1230 quid
339 1181 500 1218 tandem
538 1179 686 1218 Sestius
726 1179 764 1216 in
804 1181 878 1217 hac
917 1193 956 1217 re
996 1181 1122 1217 facere
1156 1178 1279 1228 possit
1313 1178 1421 1226 quod
1456 1190 1536 1213 non

204 1246 330 1296 quivis
366 1254 554 1283 nostrum.
616 1247 694 1283 Sed
726 1245 757 1282 si
784 1246 881 1295 quid
908 1253 1061 1294 praeter
1092 1258 1202 1294 spem
1234 1244 1316 1290 erit,
1346 1243 1464 1281 facies
1496 1250 1538 1280 ut

204 1312 349 1359 sciam,
398 1311 457 1349 sin
497 1319 565 1358 est,
607 1319 649 1349 ut
687 1311 861 1358 arbitror,
900 1310 1102 1360 negotium
1142 1308 1349 1359 perditum,
1392 1308 1538 1346 scribes

203 1386 336 1415 tamen
359 1390 488 1426 neque
509 1377 581 1415 ista
602 1390 661 1415 res
682 1376 961 1414 commovebit.

157 1449 184 1486 6
260 1444 344 1480 NOS
371 1442 434 1479 hiC
466 1445 756 1491 φιλοσοφοῦμεν
783 1441 896 1491 (quid
917 1440 1023 1478 enim
1043 1440 1150 1478 aliud
1167 1440 1197 1489 ?)
1224 1448 1261 1477 et
1290 1441 1335 1477 τὰ
1364 1440 1446 1488 περὶ
1472 1441 1538 1477 τοῦ

206 1509 429 1558 καθήκοντος
449 1507 656 1557 magnifice
678 1506 918 1556 explicamus
939 1509 1314 1555 προσφωνοῦμειηυθ
1331 1503 1514 1543 Ciceroni
1528 1519 1539 1551 3

205 1587 283 1624 qua
317 1575 367 1611 de
399 1587 438 1611 re
470 1572 575 1610 enim
608 1572 738 1621 potius
771 1579 880 1621 pater
913 1570 1026 1608 filio?
1096 1570 1253 1608 Deinde
1284 1569 1369 1608 alia.
1430 1568 1539 1618 Quid

206 1638 389 1688 quaeris?
427 1636 593 1675 exstabit
629 1650 747 1686 opera
780 1635 1102 1686 peregrinationis
1134 1635 1261 1673 huius.
1320 1636 1538 1672 Varronem

206 1703 325 1741 hodie
357 1710 423 1740 aut
457 1715 540 1740 cras
577 1710 784 1739 venturum
821 1702 1038 1751 putabant3
1078 1715 1151 1751 ego
1185 1708 1317 1738 autem
1352 1699 1391 1736 in
1426 1700 1540 1736 Pom-

206 1768 391 1819 peianum
431 1768 701 1817 properabam,
738 1780 818 1805 non
855 1781 935 1816 quo
971 1769 1047 1805 hoc
1086 1769 1175 1804 loco
1207 1766 1419 1815 quicquam
1458 1765 1540 1813 pul·
1562 1778 1575 1791 ’ν

207 1833 337 1872 chrius
358 1834 428 1871 sed
450 1833 758 1882 interpellatores
774 1833 852 1871 illic
870 1833 1000 1871 minus
1018 1832 1183 1870 molesti.
1233 1832 1310 1869 Sed
1331 1829 1538 1879 perscribe,

208 1912 369 1948 quaeSO,
390 1911 491 1947 quae
512 1911 629 1936 eausa
650 1898 697 1935 sit
722 1898 868 1947 Myrtili
891 1902 1056 1948 (poenas
1081 1897 1243 1947 quidem
1265 1896 1373 1933 illum
1395 1908 1537 1945 pepen-

209 1965 313 2003 disse
332 1963 482 2010 audivi)
505 1972 543 2002 et
565 1964 709 2001 satisne
732 1972 861 2013 pateat
883 1965 989 2002 unde
1010 1970 1227 2012 corruptus

257 2079 269 2098 1
298 2069 442 2099 Servilia
471 2069 660 2099 Corradus:
697 2069 820 2099 Selicia
846 2068 962 2099 eodm:
987 2068 1067 2106 sort.
1095 2067 1214 2097 Cilicia
1347 2076 1366 2095 2
1391 2075 1458 2094 non
1477 2075 1542 2104 qua

210 2112 349 2152 pompa]
377 2123 497 2151 magna
524 2124 647 2152 pompa
682 2112 734 2144 Fr.
772 2112 942 2143 Schmidt:
983 2122 1049 2141 non
1080 2122 1146 2150 qua
1178 2120 1300 2149 pompa
1331 2109 1542 2138 adsuevisset

210 2155 412 2187 Lehmann:
446 2167 513 2186 non
541 2157 678 2195 antiqua
706 2167 831 2196 pompa
858 2155 942 2185 Reid
1072 2165 1092 2193 9
1113 2155 1188 2184 hinc
1215 2153 1320 2192 incipit
1348 2162 1469 2181 novam
1495 2157 1538 2191 ep.

211 2210 241 2230 (ι.
262 2199 292 2230 d.
311 2201 345 2230 vi
358 2199 435 2230 Kal.
454 2199 534 2230 Nov.
556 2212 585 2230 a.
610 2210 671 2238 710
691 2201 763 2239 (44)
783 2199 895 2229 datam
918 2198 1020 2228 Ruele
1138 2197 1293 2236 optimus.
1314 2195 1375 2226 etsi
1402 2194 1543 2225 Mz'iller:

211 2243 366 2282 optimus.
424 2244 491 2274 Sed
517 2245 544 2274 si
571 2243 632 2274 M:
673 2244 822 2282 optimus
850 2247 910 2273 est.
971 2242 1042 2272 Etsi
1077 2240 1178 2271 Orelli
1361 2243 1435 2268 ante
1467 2249 1542 2268 curn

212 2286 286 2317 add.
308 2287 390 2317 haec
410 2287 499 2318 Crat.
617 2297 654 2326 13
679 2286 858 2317 monetalis
879 2285 1024 2316 Scln'itz:
1048 2285 1148 2314 homo
1169 2284 1244 2314 talis
1256 2283 1298 2312 M
1386 2292 1424 2320 14
1450 2283 1542 2312 illum

213 2331 348 2368 quidem
366 2331 465 2361 Klotz
601 2340 636 2368 17
661 2330 771 2369 quivis
788 2329 978 2367 Malaspina
997 2341 1003 2359 :
1026 2328 1101 2367 quis
1115 2327 1155 2357 M
1286 2336 1323 2364 19
1343 2330 1418 2365 post
1434 2335 1544 2364 neque

213 2373 288 2404 add.
318 2385 370 2404 me
404 2374 593 2413 ll'esmbetg
725 2384 765 2412 27
802 2373 932 2411 Myrtili
958 2371 1091 2401 Moser:
1116 2369 1253 2410 Myrtilo
1277 2369 1364 2400 codd.
1501 2369 1545 2398 28

214 2423 328 2456 pateat
346 2419 498 2449 Ernesti:
523 2422 617 2458 patet
633 2416 721 2448 codd.
740 2428 747 2447 t
772 2422 888 2456 pareat
907 2415 1018 2445 Moser

1557 803 1595 824 10
