1742 2651
598 131 710 168 EPP.
743 131 821 168 AD
851 131 1110 170 ATTICVM
1479 135 1548 172 IX.
1572 132 1665 170 xvii

261 292 395 326 XVII
506 296 575 327 Ser.
594 297 627 326 in
646 296 824 326 Formiano
841 296 875 325 vi
887 296 930 326 K.
954 296 1037 336 Aps.
1057 307 1088 325 a.
1111 306 1163 334 705
1181 296 1268 335 Ην).

634 383 803 414 CICERO
826 382 1004 412 ATTICO
1027 381 1131 413 SAL.

269 460 500 498 Trebatium
531 473 570 498 V1
604 463 708 507 Kal„
736 474 815 510 quo
846 460 910 498 die
940 462 1009 498 has
1040 460 1185 498 litteras
1215 459 1319 507 dedi,
1351 467 1547 509 exspecta·
1566 470 1582 496 1

216 525 318 563 bam.
379 528 437 564 Ex
458 526 541 564 eius
563 526 702 563 nuntio
725 525 905 575 Matique
926 525 1062 563 litteris
1083 525 1304 563 meditabor
1325 538 1404 574 quo
1425 526 1546 563 modo

177 601 193 631 5
215 604 305 628 cum
336 590 404 629 illo
436 593 583 641 loquar.
644 592 679 629 O
710 598 865 640 tempus
894 590 1106 628 miserum!
1165 591 1251 628 Nec
1281 590 1421 628 dubito
1451 589 1546 639 quin

213 668 235 693 a
266 669 328 693 me
358 657 573 694 contendat
594 657 645 694 ad
666 657 803 694 urbem
825 655 990 693 veniam.
1051 657 1238 693 Senatum
1265 655 1369 693 enim
1404 657 1546 693 Kalen-

212 721 273 759 dis
312 723 411 759 velle
450 735 491 759 se
530 723 775 771 frequentem
814 722 953 759 adesse
993 720 1110 758 etiam
1151 720 1316 759 Formiis
1357 720 1545 770 proscribi

212 785 332 824 iussit.
412 789 516 836 Ergo
560 786 595 824 ei
638 787 864 836 negandum
905 788 994 824 est?
1069 787 1147 824 Sed
1187 786 1281 835 quid
1321 786 1546 835 praeripio?

213 852 351 890 Statim
372 853 422 890 ad
444 860 481 890 te
502 851 739 902 perscribam
761 851 904 890 onmia.
966 853 1024 889 Ex
1051 851 1152 889 illius
1173 864 1354 889 sermone
1375 858 1542 888 statuam

154 930 193 952 10
212 917 460 967 Arpinumne
491 916 586 954 mihi
617 917 793 955 eundum
818 916 865 954 sit
892 929 942 954 an
973 929 1053 965 quo
1082 916 1170 954 alio.
1230 917 1333 953 Volo
1360 915 1541 954 Ciceroni

211 996 300 1021 meo
332 991 463 1032 togam
496 996 633 1032 puram
668 983 772 1028 dare,
810 981 895 1020 istic
934 989 1042 1031 puto.
1113 983 1186 1028 Tu,
1221 994 1378 1031 quaeso,
1413 980 1584 1030 cogita2

209 1048 306 1098 quid
345 1048 501 1086 deinde.
561 1049 665 1086 Nam
705 1061 768 1085 me
807 1047 991 1086 hebetem
1032 1046 1234 1085 molestiae
1273 1045 1539 1084 reddiderunt.

209 1115 246 1151 A
278 1113 398 1152 Curio
423 1113 539 1152 velim
565 1113 662 1151 scire
693 1112 837 1162 ecquid
863 1114 913 1150 ad
947 1120 983 1150 te
1011 1112 1197 1162 scriptum
1229 1111 1276 1149 sit
1305 1112 1356 1149 de
1383 1111 1539 1149 Tirone.

210 1179 275 1216 Ad
297 1193 360 1217 me
381 1179 485 1217 enim
508 1179 591 1228 ipse
611 1178 705 1215 Tiro
726 1177 778 1215 ita
799 1177 951 1227 scripsit
972 1186 1013 1215 ut
1034 1190 1166 1216 verear
1186 1177 1282 1226 quid
1303 1184 1401 1226 agat.
1461 1176 1540 1225 Qui

154 1256 191 1289 15
209 1251 342 1281 autem
376 1243 538 1281 veniunt
570 1243 673 1289 inde,
708 1243 903 1292 κινδυνώδη
934 1242 1125 1280 nuntiant.
1185 1244 1287 1280 Sane
1319 1242 1356 1278 in
1390 1242 1539 1291 magnis

210 1308 311 1346 curis
350 1308 467 1346 etiam
508 1309 604 1346 baec
644 1321 708 1346 me
746 1307 966 1346 sollicitant.
1046 1309 1092 1344 In
1132 1308 1205 1345 hac
1244 1306 1348 1345 enim
1385 1308 1539 1345 fortuna

208 1373 382 1422 perutilis
413 1373 495 1411 eius
525 1381 562 1411 et
593 1386 711 1422 opera
741 1381 778 1411 et
809 1372 976 1410 fidelitas
1005 1380 1117 1410 esset.

250 1522 410 1557 XVIII
551 1525 620 1556 δον.
639 1525 768 1565 Atpz'm'
780 1536 799 1556 v
814 1524 857 1556 K.
878 1524 961 1565 Apr.
978 1535 1009 1556 a.
1031 1535 1083 1563 70)-
1098 1524 1187 1565 (49).

621 1620 792 1652 CICERO
815 1620 994 1651 ATTICO
1017 1619 1123 1650 SAL.

149 1714 187 1736 20
260 1695 481 1743 Vtrumque
510 1707 556 1731 ex
583 1700 651 1731 tuo
678 1693 870 1736 consilio;
900 1707 991 1730 nam
1016 1701 1053 1730 et
1084 1693 1207 1731 oratio
1235 1693 1305 1731 fuit
1333 1706 1378 1731 ea
1404 1701 1536 1732 nostra
1555 1703 1572 1730 1

205 1766 246 1796 ut
268 1759 369 1797 bene
390 1759 519 1808 potius
541 1759 604 1797 ille
625 1760 674 1797 de
695 1759 810 1797 nobis
837 1758 1073 1797 existimaret
1095 1772 1212 1808 quam
1233 1759 1372 1809 gratias
1393 1769 1536 1810 ageret,

205 1831 242 1861 et
272 1823 311 1860 in
342 1838 389 1862 eo
420 1824 646 1870 mansimus,
670 1838 720 1862 ne
749 1825 799 1862 ad
830 1825 979 1862 urbem.
1040 1826 1113 1862 Illa
1141 1825 1359 1862 fefellerunt
1380 1825 1534 1864 facilem

204 1891 313 1937 quod
348 1897 599 1939 putaramus3
637 1889 733 1926 nihil
768 1889 845 1927 vidi
886 1889 1026 1927 minus.
1093 1889 1281 1927 Damnari
1320 1903 1361 1928 se
1399 1898 1533 1929 nostro

204 1953 361 2001 iudicio,
403 1954 590 1992 tardiores
638 1956 719 1992 fore
766 1954 947 2004 reliquos,
989 1954 1020 1991 si
1059 1968 1131 1992 nos
1179 1968 1259 1993 non
1298 1955 1532 2003 venerimus,

146 2034 183 2065 25
203 2019 343 2057 dicere.
404 2021 489 2068 Ego
510 2019 739 2057 dissimilem
761 2019 915 2057 illorum
937 2033 1021 2057 esse
1042 2033 1212 2058 causam.
1272 2022 1374 2059 Cum
1397 2023 1530 2067 multa,

207 2084 330 2122 ‘Veni
351 2084 464 2134 igitur
485 2092 522 2122 et
543 2098 614 2134 age
634 2086 684 2122 de
705 2087 825 2134 pace.'
870 2093 876 2103 ⁵
896 2086 1065 2123 Meone’
1087 2084 1248 2135 inquam
1274 2086 1531 2124 ‘arbitratu?'

202 2151 211 2168 ‘
230 2151 292 2187 An
314 2149 406 2187 tibi⁷
427 2149 553 2199 inquit
577 2153 672 2199 ‘ego
693 2150 985 2199 praescribam?
1070 2154 1078 2170 ‘
1092 2151 1176 2189 Sic'
1197 2151 1358 2201 inquam
1380 2154 1390 2170 ‘
1404 2165 1528 2201 agam,

247 2265 264 2293 5
290 2255 407 2293 loquar
424 2254 477 2283 Μ2
494 2266 500 2284 :
526 2253 700 2293 loquamur
717 2253 769 2283 M¹
903 2255 923 2283 6
947 2258 1021 2284 ante
1036 2255 1169 2285 veniam
1187 2256 1262 2288 add.
1283 2262 1317 2287 ut
1341 2257 1530 2297 AWalaspz'na

202 2298 222 2327 8
246 2298 417 2336 praeripio
434 2297 584 2338 Popula:
618 2298 743 2336 preripi
769 2296 819 2326 M¹
837 2309 843 2327 τ
880 2298 1048 2336 praeripui
1075 2297 1248 2331 Sslmfflt:
1284 2302 1425 2339 precipit
1453 2302 1529 2331 M²z

202 2342 372 2379 praecipio
390 2342 477 2381 vulg.
634 2351 674 2379 24
699 2341 726 2370 si
745 2351 807 2370 nos
826 2351 892 2371 non
910 2341 1079 2373 Faernus:
1104 2343 1196 2373 sinus
1217 2355 1281 2374 uon
1303 2344 1454 2375 ORPM2'
1471 2357 1476 2375 :
1501 2345 1528 2375 si

203 2385 235 2414 in
254 2384 305 2414 his
324 2395 389 2414 non
409 2383 460 2413 M*
555 2385 746 2414 veniremus
764 2384 856 2415 Man.
