1742 2651
547 161 658 198 EPP.
692 160 769 196 ΑΙ)
799 157 1059 195 ATTICVM
1463 155 1509 191 X.
1533 152 1641 189 xviii

162 270 259 321 quid
279 270 437 309 fecerim
452 286 461 319 3
491 284 629 308 omnes
650 269 755 307 enim
773 269 978 318 Κωρυκαῖοι
996 266 1176 305 videntur
1197 266 1490 303 subauscultare

161 349 264 386 quae
285 337 433 386 loquor.

215 403 278 438 Tu
311 408 441 438 tamen
477 400 506 438 si
540 400 635 450 quid
668 401 718 437 de
752 397 957 448 Hispaniis
990 396 1070 434 sive
1102 395 1198 445 quid
1229 394 1336 433 aliud
1362 408 1488 444 perge,
1510 406 1534 433 2

161 480 320 515 quaeso,
343 466 511 504 scribere
532 479 605 504 nec
633 478 739 503 meas
764 463 908 501 litteras
936 460 1181 511 exspectaris,
1205 459 1279 497 nisi
1301 473 1388 497 cum
1412 473 1492 508 quo

121 546 137 576 5
160 538 255 580 opto
280 530 571 580 pervenerimus
595 537 661 567 aut
689 528 719 566 si
745 528 839 578 quid
868 541 914 565 ex
942 540 1067 564 cursu.
1127 526 1205 563 Sed
1226 526 1302 563 hoc
1332 538 1492 574 quoque

160 594 296 634 timide
324 595 452 634 scribo
468 610 477 642 3
515 595 568 632 ita
595 593 728 632 omnia
752 594 862 631 tarda
889 593 1021 630 adhuc
1051 598 1088 629 et
1113 590 1246 640 spissa.
1306 591 1360 626 Vt
1389 590 1491 627 male

158 660 362 710 posuimus
384 660 492 698 initia
513 659 569 697 sic
589 670 717 697 cetera
738 664 965 707 sequuntur.

214 726 389 763 Formias
417 739 522 763 nunc
544 724 768 774 sequimur3
798 724 940 762 eodem
971 736 1042 761 nos
1067 723 1228 760 fortasse
1251 720 1389 758 Furiae
1410 733 1491 770 per-

159 798 381 840 sequentur.
444 792 501 828 Ex
532 789 645 827 Balbi
675 796 806 826 autem
837 801 1019 826 sermone
1043 800 1162 836 quem
1187 794 1316 824 tecum
1340 785 1490 829 habuit,

101 870 140 893 10
159 869 239 893 non
274 855 487 905 probamus
526 856 576 893 de
617 853 764 891 Melita.
846 852 1014 891 Dubitas
1053 851 1167 901 igitur
1205 850 1299 900 quin
1339 863 1411 888 nos
1451 849 1489 887 in

158 920 330 959 hostium
356 934 521 958 numero
547 920 720 957 habeat?
777 918 919 968 Scripsi
941 917 1126 967 equidem
1150 916 1275 954 Balbo
1295 923 1333 954 te
1353 916 1403 953 ad
1425 928 1488 953 me

157 994 195 1024 et
215 987 259 1023 de
279 984 556 1023 benevolentia
577 983 776 1033 scripsisse
798 991 835 1021 et
857 984 907 1021 de
932 981 1167 1032 suspicione.
1230 980 1301 1030 Egi
1322 979 1463 1030 gratias
1480 995 1488 1026 ;
1505 983 1529 1020 3

156 1053 207 1089 de
227 1052 349 1089 altero
370 1050 404 1088 ei
426 1064 489 1088 me
510 1063 640 1099 purga.
703 1051 880 1098 Ecquem
910 1055 950 1085 tu
979 1046 1179 1085 hominem
1204 1045 1489 1084 infeliciorem?

159 1117 250 1154 Non
272 1117 412 1165 loquor
432 1116 552 1165 plura,
572 1128 621 1152 ne
643 1121 680 1152 te
701 1127 860 1163 quoque
888 1111 1118 1151 excruciem.
1181 1113 1272 1160 Ipse
1302 1110 1491 1148 conficior

100 1195 136 1226 15
158 1180 310 1219 venisse
327 1188 482 1230 tempus
503 1193 593 1218 cum
610 1179 687 1217 iam
704 1193 778 1217 nec
794 1177 942 1217 fortiter
958 1191 1031 1216 nec
1047 1178 1260 1228 prudenter
1275 1175 1488 1225 quicquam

157 1248 283 1285 facere
304 1245 462 1296 possim.

200 1351 220 1379 8
245 1350 362 1380 eodem
380 1348 411 1378 Z
430 1353 513 1379 ,teste
529 1348 695 1381 Βαίίειόᾟς
731 1349 847 1378 eadem
870 1346 910 1377 M
1047 1357 1083 1377 ιε
1108 1352 1141 1377 et
1159 1347 1199 1376 de
1223 1344 1300 1376 coni.
1323 1344 1442 1375 Orelli:
1469 1356 1488 1375 e

157 1393 238 1477 ῗιίιέἕ
262 1394 304 1424 de
321 1392 374 1422 M*
390 1404 396 1422 :
422 1396 456 1423 et
473 1393 514 1423 de
533 1393 607 1423 eius
623 1391 722 1422 Klotz
740 1391 802 1433 (ed.
822 1392 855 1433 ι)
982 1400 1021 1431 13
1045 1400 1153 1431 purga
1170 1388 1243 1421 Ml:
1270 1389 1412 1429 purgavi
1430 1386 1488 1418 M'2

199 2491 260 2512 εις.
280 2490 327 2511 AD
343 2488 416 2510 Αττ.
1351 2474 1395 2509 24
