1742 2651
64 99 156 135 XII.
181 98 225 134 iii
554 99 608 134 M.
641 98 809 134 TVLLI
841 97 1147 135 CICERONIS

193 209 393 259 ceteroqui
415 223 501 247 sum
523 210 699 255 libenter,
724 210 793 247 sed
820 210 993 258 μακάρων
1014 211 1121 257 νῆσοι
1142 207 1238 246 tanti
1263 215 1353 246 sunt
1378 215 1419 246 ut
1440 207 1524 246 sine

195 282 232 312 te
253 275 325 312 sim
348 282 406 312 tot
432 274 526 313 dies.
589 276 679 322 Qua
705 288 744 311 re
766 274 982 312 obduretur
1010 275 1086 311 hoc
1110 273 1282 311 triduum
1304 280 1345 310 ut
1373 281 1410 311 te
1431 287 1525 323 quo-

194 353 270 389 que
302 353 447 389 ponam
483 339 522 376 in
557 340 698 377 eodem
732 339 864 385 πάθει;
895 339 1003 388 quod
1034 338 1086 375 ita
1115 346 1172 376 est
1201 339 1387 388 profecto.
1447 339 1525 376 Sed

195 404 311 442 velim
343 404 440 442 scire
471 403 642 442 hodiene
672 404 802 441 statim
833 404 883 441 de
913 402 1097 440 auctione
1124 411 1161 441 et
1187 416 1266 452 quo
1290 402 1354 440 die
1378 402 1522 441 venias.

198 471 282 518 Ego
304 483 366 508 me
397 470 543 507 interea
567 482 657 506 cum
688 468 853 515 libelli83
882 482 927 505 ac
956 469 1120 505 moleste
1147 469 1228 505 fero
1249 468 1433 506 Vennoni
1463 482 1525 506 me

198 535 398 573 historiam
429 549 509 572 non
534 535 688 572 habere.
749 535 826 572 Sed
854 542 986 571 tamen
1017 547 1066 571 ne
1096 533 1191 570 nihil
1222 534 1271 571 de
1301 547 1350 579 re,
1379 547 1525 571 nomen

197 600 306 645 illud,
322 601 430 649 quod
451 614 473 637 a
490 601 668 645 Caesare,
687 599 752 636 tris
773 600 891 637 habet
912 598 1182 645 condiciones,
1197 606 1263 635 aut
1283 598 1525 648 emptionem

195 666 246 704 ab
268 667 378 703 hasta
399 665 578 715 <perdere
599 666 713 710 malo,
737 664 808 702 etsi
830 672 980 714 praeter
1000 663 1125 713 ipsam
1147 663 1428 712 turpitudinem
1451 665 1526 702 hoc

196 731 324 781 ipsum
346 738 442 780 puto
458 743 543 768 esse
564 728 743 779 perdere)
759 737 825 767 aut
842 728 1130 778 delegationem
1151 741 1173 765 a
1195 727 1375 778 mancipe
1395 742 1526 767 annua

196 796 260 835 die
286 796 389 845 <quis
420 795 489 833 erit
519 794 582 832 cui
613 795 781 839 credam,
809 802 874 831 aut
902 795 1063 843 quando
1094 793 1164 831 iste
1196 793 1369 830 Metonis
1398 807 1524 831 annus

195 862 324 900 veniet
339 864 370 910 ?)
401 869 467 899 aut
496 860 669 899 Vettieni
697 859 933 897 condicione
958 859 1172 897 semissem.
1232 859 1372 908 Σκέψαι
1398 859 1522 908 igitur.

196 929 255 964 Ac
287 940 421 965 vereor
455 940 504 964 ne
536 926 608 964 iste
639 925 715 963 iam
746 924 971 962 auctionem
1002 925 1150 961 nullam
1180 923 1294 961 faciat
1324 925 1393 961 sed
1424 923 1525 961 ludis

194 991 305 1030 factis
338 992 485 1042 Ἀτύπῳ
524 990 702 1029 subsidio
741 997 877 1035 currat,
913 1003 961 1027 ne
1000 988 1086 1026 talis
1120 988 1176 1026 vir
1207 989 1387 1040 ἀλογηθῇ.
1448 989 1525 1026 Sed

193 1058 360 1107 μελήσει.
422 1058 483 1094 Tu
510 1055 694 1101 Atticam,
718 1068 876 1104 quaeso,
904 1068 995 1092 cura
1024 1062 1061 1092 et
1086 1053 1121 1092 ei
1146 1055 1311 1092 salutem
1338 1062 1376 1092 et
1406 1053 1525 1091 Piliae

194 1122 348 1161 Tulliae
369 1136 528 1172 quoque
550 1121 676 1158 verbis
698 1120 916 1170 plurimam.

238 1274 305 1310 IV
437 1277 505 1308 Scr.
525 1278 558 1307 in
581 1276 766 1306 Tusculano
782 1276 853 1306 xvii
866 1275 908 1306 K.
931 1275 1043 1314 Quint.
1062 1286 1092 1305 a.
1115 1277 1174 1314 708
1193 1274 1277 1315 (46).

610 1364 780 1395 CICERO
803 1363 983 1394 ATTICO
1004 1363 1108 1394 SAL.

250 1458 286 1496 Ο
307 1464 432 1507 gratas
454 1463 539 1493 tuas
562 1453 657 1491 mihi
686 1453 958 1502 iucundasque
987 1452 1130 1491 litteras
1149 1456 1154 1490 1
1214 1453 1322 1502 Quid
1343 1453 1527 1503 quaeris?

195 1522 394 1560 restitutus
424 1528 481 1558 est
512 1519 606 1557 mihi
642 1519 725 1556 dies
756 1519 886 1555 festus.
948 1518 1131 1567 Angebat
1161 1518 1265 1556 enim
1297 1520 1405 1568 quod
1432 1518 1526 1556 Tiro

197 1587 492 1637 ἐνερευθέστερον
512 1593 549 1622 te
570 1583 643 1622 sibi
672 1596 756 1621 esse
777 1583 902 1620 visum
932 1582 1090 1620 dixerat.
1152 1584 1311 1621 Addam
1336 1583 1459 1632 igitur,
1484 1590 1525 1620 ut

196 1667 343 1698 censes,
368 1665 490 1690 unum
512 1650 618 1689 diem

251 1721 328 1757 Sed
350 1720 399 1757 de
417 1720 570 1757 Catone
591 1719 798 1767 πρόβλημα
817 1719 1076 1770 Ἀρχιμήδειον
1097 1726 1164 1758 est.
1217 1720 1309 1756 Non
1330 1718 1526 1765 adsequor

197 1792 237 1822 ut
259 1784 425 1821 scribam
448 1784 556 1832 quod
578 1782 632 1820 tui
661 1782 849 1821 convivae
878 1798 957 1822 non
980 1786 1102 1823 modo
1122 1784 1289 1821 libenter
1313 1782 1382 1819 sed
1407 1781 1524 1819 etiam

194 1862 323 1898 aequo
343 1848 476 1886 animo
497 1850 624 1898 legere
652 1850 803 1899 possint
822 1865 828 1891 ς
857 1850 950 1899 quin
974 1849 1090 1888 etiam
1119 1849 1149 1886 si
1170 1863 1193 1886 a
1213 1845 1414 1885 sententiis
1442 1845 1524 1883 eius

195 1912 321 1959 dictis,
344 1913 374 1950 si
395 1914 446 1951 ab
473 1913 581 1950 omni
603 1915 803 1952 voluntate
826 1914 1078 1964 consiliisque
1106 1927 1206 1963 quae
1227 1914 1277 1950 de
1301 1924 1340 1948 re
1368 1910 1525 1959 publica
1547 1923 1560 1943 2

196 1979 333 2017 habuit
363 1981 543 2018 recedam
574 1985 769 2031 ψιλῶςηυ6
791 1980 907 2019 velim
928 1979 1154 2029 gravitatem
1183 1974 1525 2024 constantiamque

196 2044 278 2083 eius
308 2046 476 2091 laudare,
510 2047 585 2083 hoc
616 2046 743 2096 ipsum
775 2053 906 2083 tamen
937 2044 1018 2081 istis
1051 2043 1233 2081 odiosum
1264 2043 1435 2089 ἄκουσμα
1463 2039 1521 2077 sit.

239 2160 260 2187 9
284 2160 302 2178 a
321 2161 374 2178 111:
400 2161 464 2179 om.
483 2150 524 2179 M
652 2159 690 2179 10
716 2149 778 2178 iste
797 2159 850 2178 m:
877 2149 948 2183 ipse
967 2145 1007 2175 M
1130 2155 1163 2174 11
1190 2144 1388 2174 condicione
1405 2143 1523 2173 semis-

197 2203 268 2223 sem
286 2192 409 2224 Rom:
445 2193 662 2223 conditiones
679 2193 835 2222 emissem
855 2190 912 2219 M:
948 2189 1154 2219 conditionis
1177 2189 1298 2218 emisse
1320 2198 1352 2216 m
1371 2199 1376 2216 :
1409 2187 1523 2216 condi-

197 2237 327 2266 cionem
345 2237 485 2266 semisse
503 2236 623 2266 Lamb.
748 2245 785 2264 12
808 2235 867 2264 sed
885 2233 972 2263 ludis
990 2232 1106 2264 Mam:
1131 2231 1257 2261 sedulis
1276 2242 1332 2260 m:
1356 2236 1389 2260 et
1406 2230 1523 2260 sedulo

199 2280 238 2309 iis
256 2279 297 2309 ΔΜ
386 2290 423 2318 13
447 2279 570 2318 Ἀτύπῳ
589 2279 654 2313 (vel
666 2278 799 2317 Atypol
816 2277 946 2317 Popma
963 2288 969 2306 ς
994 2277 1095 2314 clypo
1110 2274 1166 2304 M:
1193 2275 1340 2313 Olvmpo
1358 2285 1391 2303 711
1485 2284 1522 2311 14

197 2323 248 2353 Tu
268 2348 274 2353 .
297 2348 303 2353 .
324 2348 330 2354 .
352 2323 529 2362 plurimam
555 2323 656 2352 Rom.
679 2333 712 2350 m
740 2321 809 2362 (scd
830 2321 856 2350 is
880 2320 1095 2359 plurimu1n):
1133 2329 1196 2349 0171.
1214 2316 1256 2347 M
1384 2327 1424 2355 27
1450 2316 1524 2347 istis

196 2367 335 2398 Bos-sus:
362 2371 413 2398 cst
430 2365 480 2396 M¹
498 2377 504 2397 ;
531 2371 582 2397 est
600 2366 640 2396 iis
658 2364 710 2395 M2

1548 809 1586 830 10

1548 1596 1586 1617 20
