1742 2651
614 151 725 186 EPP.
757 151 835 186 AD
865 149 1126 188 ATTICVM
1446 152 1557 188 XIV.
1580 149 1659 187 viii

195 267 307 299 teras.
368 263 429 299 De
469 262 597 299 Mario
634 260 768 311 probe,
809 261 880 298 etsi
919 261 1036 298 doleo
1076 261 1119 297 L.
1155 260 1285 299 Crassi
1324 269 1521 310 nepotem.

196 327 357 375 Optime
386 327 464 364 iam
491 327 610 365 etiam
637 328 759 363 Bruto
786 333 920 363 nostro
947 325 1103 374 probari
1125 325 1358 363 Antonium.
1420 328 1523 364 Nam

194 392 302 440 quod
339 392 493 429 Iuniam
529 390 664 429 scribis
704 392 905 428 moderate
943 398 981 428 et
1019 389 1146 428 amice
1180 390 1342 440 scriptas
1378 391 1523 429 litteras

193 456 378 502 attulisse,
400 457 493 493 mihi
513 457 657 493 Paulus
678 456 787 493 dedit
807 457 857 493 ad
878 469 920 493 se
943 468 965 492 a
986 456 1100 493 fratre
1121 454 1284 502 missas,
1315 455 1458 504 quibus
1483 455 1522 493 in

154 534 171 566 5
193 520 374 558 extremis
413 528 493 558 erat
525 519 599 558 sibi
635 519 795 557 insidias
834 519 941 566 fieri3
988 532 1029 557 se
1067 519 1108 557 id
1142 519 1256 557 certis
1295 520 1522 558 auctoribus

192 586 441 635 comperisse.
503 587 596 623 Hoc
631 598 703 623 nec
734 584 828 621 mihi
859 584 1039 633 placebat
1069 591 1107 622 et
1138 586 1263 623 multo
1293 584 1347 622 illi
1378 585 1519 622 minus.

193 652 368 700 Reginae
400 652 489 701 fuga
525 650 618 688 mihi
651 664 731 688 non
764 651 928 687 molesta
959 657 1027 687 est.
1099 649 1241 688 Clodia
1273 649 1368 699 quid
1402 650 1522 699 egerit

191 715 336 753 scribas
367 717 418 754 ad
450 729 513 753 me
544 715 671 753 velim.
748 715 808 751 De
842 714 1036 763 Byzantiis
1071 714 1224 752 curabis
1256 723 1297 752 ut
1327 723 1454 753 cetera
1483 723 1521 754 et

192 781 379 829 Pelopem
406 781 457 818 ad
486 788 523 818 te
550 793 732 818 arcesseS.
795 781 890 828 Ego,
913 786 956 816 ut
976 781 1161 828 postulas,
1187 779 1335 817 Baiana
1362 780 1521 830 negotia

132 858 169 879 10
189 845 434 894 chorumque
466 845 574 882 illum
609 845 659 883 de
691 857 770 894 quo
802 844 899 882 scire
930 844 997 890 vis,
1032 858 1123 881 cum
1158 857 1401 894 perspexero,
1436 854 1518 883 tum

189 908 367 955 scribam,
392 923 441 947 ne
462 909 558 959 quid
587 909 752 959 ignores.
813 908 921 956 Quid
953 908 1065 956 Galli,
1089 908 1186 958 quid
1218 909 1398 959 Hispani,
1423 910 1519 959 quid
1538 917 1562 943 2

188 975 326 1012 Sextus
353 982 442 1024 agat
462 976 716 1013 vehementer
736 982 931 1023 exspecto.
993 976 1051 1012 Ea
1071 974 1219 1013 scilicet
1239 982 1280 1012 tu
1302 975 1518 1013 declarabis

188 1038 254 1087 qui
275 1046 414 1077 cetera.
475 1040 715 1077 Nauseolam
737 1039 807 1076 tibi
829 1047 935 1076 tuam
964 1052 1122 1077 causam
1147 1039 1201 1077 oti
1223 1039 1380 1078 dedisse
1406 1040 1519 1079 facile

188 1104 372 1153 patiebar.
423 1105 622 1142 Videbare
643 1103 748 1142 enim
771 1103 865 1140 mihi
887 1103 1031 1153 legenti
1053 1111 1138 1141 tuas
1159 1104 1304 1142 litteras
1321 1105 1518 1154 requiesse

130 1179 166 1212 15
187 1169 394 1219 paulisper.
456 1171 517 1208 De
549 1172 670 1207 Bruto
691 1182 846 1218 semper
865 1170 915 1207 ad
937 1183 1000 1207 me
1022 1169 1155 1207 omnia
1184 1170 1426 1219 perscribito,
1450 1170 1517 1209 ubi

186 1236 246 1281 sit,
278 1235 374 1285 quid
404 1235 558 1285 cogitet.
620 1237 751 1284 Quem
783 1236 944 1286 quidem
979 1250 1051 1286 ego
1086 1250 1199 1286 spero
1231 1237 1308 1275 iam
1341 1245 1425 1276 tuto
1456 1239 1517 1276 vel

186 1301 313 1338 solum
335 1308 417 1339 tota
438 1301 533 1339 urbe
554 1302 681 1350 vagari
702 1314 828 1350 posse.
888 1303 1035 1339 Verum
1056 1310 1253 1340 tamen—.

228 1408 295 1443 IX
479 1410 546 1442 Ser.
567 1412 600 1442 1'11
621 1412 774 1443 Cumano
790 1423 834 1443 xv
849 1413 891 1443 K.
913 1412 993 1443 Mai.
1012 1424 1041 1444 a.
1065 1425 1122 1452 710
1141 1414 1228 1454 (44).

590 1489 759 1519 CICERO
791 1490 822 1518 :l
833 1489 972 1520 TTICO
1001 1489 1106 1521 SAL.

126 1579 163 1600 20
240 1563 301 1600 De
336 1574 375 1600 re
410 1561 569 1611 publica
603 1563 727 1598 multa
759 1561 925 1611 cognovi
956 1575 1002 1599 ex
1034 1562 1110 1600 tuis
1141 1562 1276 1601 litteris
1306 1576 1403 1613 quas
1434 1564 1515 1614 qui·
1534 1575 1551 1603 1

183 1627 274 1664 dem
306 1626 528 1676 multiiuges
552 1625 687 1674 accepi
709 1639 789 1663 uno
810 1634 988 1675 tempore
1008 1640 1031 1664 a
1050 1628 1207 1665 Vestori
1238 1629 1390 1667 liberto.
1449 1631 1514 1668 Ad

183 1705 228 1728 ea
256 1699 388 1729 autem
419 1704 520 1740 quae
550 1690 712 1740 requiris
743 1690 849 1728 brevi
880 1691 1144 1741 respondebo.
1204 1693 1379 1731 Primum
1401 1696 1514 1733 vehe-

182 1764 333 1793 menter
367 1769 431 1793 me
470 1756 661 1794 Cluviana
700 1756 909 1793 delectant.
970 1758 1048 1795 Sed
1088 1758 1197 1806 quod
1229 1758 1381 1807 quaeris
1416 1759 1513 1808 quid

180 1820 420 1858 arcessierim
461 1819 737 1869 Chrysippum,
779 1820 963 1858 tabernae
1003 1821 1099 1858 mihi
1142 1823 1245 1860 duae
1283 1831 1512 1862 corruerunt

180 1886 430 1935 reliquaeque
463 1885 579 1922 rimas
610 1893 742 1934 agunt,
780 1885 911 1935 itaque
952 1899 1031 1924 non
1064 1889 1192 1925 solum
1226 1887 1408 1937 inquilini
1441 1891 1511 1928 sed

178 1964 307 1988 mures
329 1950 445 1988 etiam
469 1950 739 2000 migraverunt.
795 1953 914 1989 Hanc
934 1951 1052 1989 ceteri
1073 1953 1333 1991 calamitatem
1355 1962 1508 2002 vocant,

177 2030 250 2065 ego
272 2030 320 2054 ne
342 2015 641 2053 incommodum
663 2016 836 2065 quidem.
897 2018 932 2055 O
954 2008 1112 2055 SOcrate
1140 2025 1178 2055 et
1205 2018 1392 2057 Socratici
1414 2019 1482 2057 viri
1500 2023 1507 2058 !

177 2094 395 2130 numquam
427 2080 538 2118 vobis
571 2080 733 2130 gratiam
768 2083 942 2119 referam.
1015 2082 1066 2119 Di
1100 2082 1351 2130 immortales,
1388 2098 1507 2134 quam

178 2145 272 2183 mihi
296 2146 368 2183 ista
389 2159 459 2195 pro
480 2145 604 2183 nihilo
622 2149 628 2183 1
677 2147 755 2184 Sed
775 2154 907 2185 tamen
929 2160 974 2185 ea
996 2148 1092 2185 ratio
1116 2148 1353 2187 aedificandi
1374 2149 1504 2197 initur,

220 2261 239 2279 ρ
264 2251 327 2280 iam
344 2249 473 2280 Moser:
499 2256 566 2280 tam
584 2249 638 2279 ‚Ml
786 2263 805 2289 4
831 2252 909 2281 dicit
927 2252 1038 2282 Baiter
1180 2264 1195 2291 7
1223 2259 1273 2284 est
1293 2252 1506 2294 chsenberg:

174 2294 236 2323 sed
254 2293 295 2322 Μ’
392 2305 414 2333 9
438 2304 590 2324 arcesses
608 2287 676 2323 Z'b‘
692 2305 721 2325 v.
741 2305 763 2325 c.
784 2294 812 2324 L
834 2299 954 2337 [inaug.
968 2305 971 2323 i
989 2308 995 2326 ε
1020 2305 1115 2325 arces
1133 2295 1174 2325 Μ
1277 2308 1313 2336 14
1338 2298 1505 2328 videbare

178 2336 366 2367 ORPssser.
386 2337 486 2368 Rom.
507 2337 545 2368 I:
571 2338 707 2368 videbar
723 2338 764 2368 M
951 2349 990 2376 27
1017 2339 1159 2369 Socrate
1176 2337 1218 2368 Z²
1238 2352 1244 2371 :
1274 2341 1435 2371 Socrates
1454 2340 1500 2379 M,

175 2380 211 2419 cf.
225 2380 315 2410 Neue
334 2381 591 2411 ‘Formenlehre'
610 2382 644 2413 i³.
660 2387 694 2422 p.
716 2392 779 2421 449
955 2384 997 2413 28
1022 2393 1110 2414 nunc
1127 2394 1226 2423 quam
1245 2383 1377 2414 Schiche

218 2445 280 2466 cxc.
300 2445 346 2465 AD
363 2446 437 2467 ATT.
1371 2440 1414 2472 32
