1742 2651
51 104 171 141 XIII.
192 115 221 140 x
550 107 605 144 M.
637 108 806 145 TVLLI
838 108 1144 147 CICERONIS

184 230 301 254 causa
321 217 516 256 amentiae
538 233 544 258 :
574 232 644 268 pro
665 233 744 268 quo
765 220 926 269 quidem
943 221 1060 258 etiam
1082 235 1248 271 sponsor
1268 235 1354 260 sum
1375 224 1511 262 factus.

189 284 238 319 Et
261 282 444 321 nimirum
467 283 507 322 id
529 283 609 321 fuit.
671 287 871 324 Solvendo
891 285 996 324 enim
1019 300 1099 325 non
1120 294 1211 325 erat.
1272 288 1402 326 Credo
1423 302 1513 326 eum

186 347 328 397 petisse
355 362 377 385 a
404 350 595 387 Marcello
619 348 768 399 aliquid
799 358 837 388 ct
867 350 988 397 illum,
1011 355 1103 392 †aut
1132 355 1247 398 erat†,
1272 352 1514 391 constantius

185 413 443 463 respondisse.

230 520 295 555 XI
457 524 527 556 Ser.
548 525 582 556 in
600 525 766 566 Arpinati
777 526 811 557 ix
828 527 869 558 Κ.
893 527 1006 566 Quini.
1027 539 1056 559 a.
1079 537 1138 568 709
1158 527 1240 569 (45).
1537 535 1554 565 5

592 602 764 634 CICERO
795 604 975 635 ATTICO
1005 604 1110 635 SAL.

151 689 166 715 1
242 676 320 712 ίΟὐ
339 676 472 713 ταύτὸν
492 675 607 716 εἶδοςῖ
665 677 888 715 Credebam
910 690 995 715 esse
1020 677 1156 724 facile3
1187 683 1312 714 totum
1334 682 1391 715 est
1411 676 1518 716 aliud

186 747 322 789 postea
343 754 461 790 quarn
483 754 570 779 sum
591 755 614 779 a
635 749 672 779 te
693 741 913 779 diiunctior.
974 743 1051 780 Sed
1080 742 1151 780 fuit
1172 741 1397 780 faciendum
1418 750 1460 780 ut
1481 749 1519 780 et

186 805 465 844 constituerem
496 807 739 845 mercedulas
768 806 1017 856 praediorum
1053 815 1090 845 et
1122 821 1173 845 ne
1201 820 1386 857 magnum
1419 820 1518 845 onus

188 870 458 910 observantiae
490 873 612 909 Bruto
642 880 776 910 nostro
803 871 1058 922 imponerem.
1120 873 1288 911 Posthac
1318 871 1423 910 enirn
1454 885 1520 921 po·
1543 887 1581 910 10

189 936 348 974 terimus
378 936 627 975 commodius
659 939 787 975 colere
821 937 920 975 inter
954 951 1025 975 nos
1057 937 1096 975 in
1129 939 1366 975 Tusculano.
1427 938 1520 974 Hoc

189 1009 321 1039 autem
352 1009 538 1051 tempore,
569 1015 659 1039 curn
687 1002 749 1040 ille
781 1016 843 1040 me
874 1002 1019 1041 cotidie
1051 1002 1183 1041 videre
1212 1004 1338 1048 vellet,
1369 1015 1441 1052 ego
1470 1003 1521 1040 ad

190 1066 299 1104 illum
327 1066 380 1105 ire
407 1080 487 1105 non
513 1081 681 1117 possem,
705 1067 928 1117 privabatur
955 1068 1063 1106 omni
1091 1068 1352 1107 delectatione
1373 1070 1522 1106 Tuscu-

147 1143 170 1170 2
190 1131 278 1170 lani.
348 1134 410 1170 Tu
439 1132 553 1183 igitur
587 1132 618 1170 si
649 1133 809 1171 Servilia
835 1133 993 1180 venerit,
1026 1133 1057 1171 si
1089 1135 1232 1171 Brutus
1263 1133 1358 1183 quid
1389 1133 1519 1189 egerit,

189 1197 306 1235 etiam
328 1197 358 1235 si
380 1198 625 1236 constituerit
646 1200 807 1248 quando
837 1198 1006 1245 obviam,
1030 1199 1220 1249 quicquid
1249 1199 1422 1249 denique
1452 1198 1522 1236 erit
1546 1213 1581 1243 15

189 1264 298 1312 quod
329 1263 425 1301 scire
456 1277 519 1302 me
549 1271 727 1313 oporteat
758 1264 913 1303 scribes.
975 1265 1171 1312 Pisonem,
1195 1264 1226 1303 si
1253 1264 1409 1315 poteris,
1432 1277 1523 1302 con-

190 1328 332 1366 venies.
392 1329 515 1368 Vides
543 1342 662 1379 quam
692 1338 887 1368 maturum
919 1330 976 1369 sit.
1037 1332 1115 1370 Sed
1136 1339 1268 1369 tamen
1290 1331 1398 1381 quod
1420 1343 1524 1368 com-

192 1395 312 1432 modo
333 1402 402 1432 tuo
423 1395 499 1432 fiat.

234 1505 325 1539 XII
458 1507 528 1540 ΞΝ.
545 1509 579 1539 in
597 1508 759 1549 Atpz'nati
773 1509 831 1539 viii
844 1509 885 1539 K.
908 1509 1022 1558 Quint.
1041 1520 1070 1539 a.
1094 1519 1152 1550 709
1173 1509 1255 1549 (45).

599 1584 770 1615 CICERO
800 1585 981 1616 ATTICO
1009 1585 1115 1617 SAL.
1546 1592 1585 1612 20

155 1665 172 1692 Ι
245 1657 372 1694 Valde
394 1669 456 1694 me
478 1658 772 1694 memorderunt
800 1657 990 1706 epistulae
1018 1666 1107 1696 tuae
1135 1659 1185 1696 de
1212 1656 1343 1695 Attica
1368 1663 1524 1702 nostra3

191 1722 354 1759 eaedem
376 1729 508 1759 tamen
530 1730 774 1760 sanaverunt.
835 1724 956 1771 Quod
978 1722 1083 1761 enirn
1106 1730 1143 1761 te
1164 1722 1247 1772 ipse
1268 1722 1523 1760 consolabare

191 1786 340 1824 eisdem
374 1786 519 1833 litteris,
562 1787 603 1825 id
643 1787 738 1825 mihi
778 1795 857 1825 erat
891 1787 982 1825 satis
1018 1789 1172 1825 firmum
1207 1789 1257 1826 ad
1297 1787 1520 1825 leniendam

190 1853 486 1903 aegritudinem.

148 1930 172 1956 2
248 1918 493 1968 Ligarianam
514 1921 711 1969 praeclare
732 1920 954 1959 vendidisti.
1025 1922 1194 1959 Posthac
1216 1920 1404 1970 quicquid
1435 1919 1523 1957 scri-
1545 1933 1582 1964 ²5

150 1996 175 2033 3
194 1997 308 2033 psero
329 1984 398 2022 tibi
420 1985 675 2034 praeconium
697 1987 881 2024 deferam.
942 1987 1064 2035 Quod
1090 1988 1141 2025 ad
1171 2000 1235 2025 rne
1266 1987 1316 2025 de
1347 1987 1524 2023 Varrone

240 2098 252 2117 1
280 2097 425 2127 sponsor
442 2099 513 2119 sum
527 2090 646 2120 factus.
666 2090 707 2120 Et
723 2089 810 2121 Crat.
824 2100 853 2120 v.
869 2101 890 2121 c.
906 2089 934 2119 L
953 2090 1095 2131 (marg.)
1110 2088 1154 2120 Zb
1171 2102 1177 2120 :
1195 2100 1397 2130 sponsorum
1416 2089 1524 2119 factus

192 2136 225 2162 et
244 2130 417 2162 ME01R:
454 2143 601 2172 sponsor
627 2133 733 2164 factus
762 2138 796 2164 et
823 2132 907 2163 023:
941 2143 1087 2172 sponsor
1116 2134 1211 2164 Sunii
1238 2134 1344 2163 factus
1369 2137 1419 2163 est
1442 2133 1521 2163 coni.

192 2175 334 2206 Rosius:
359 2186 505 2214 sponsor
524 2177 705 2207 Marcellus
723 2177 829 2207 sactus
847 2182 938 2208 esset
954 2176 1078 2207 Mz‘zller
1161 2187 1181 2215 3
1207 2181 1241 2207 ut
1259 2181 1331 2207 erat
1347 2180 1526 2207 cunctator

191 2219 318 2248 lentius
342 2220 419 2250 coni.
439 2220 546 2250 Boot:
571 2226 607 2250 ut
630 2226 702 2250 erat
727 2225 899 2259 constans,
926 2222 1124 2251 offirmatius
1147 2221 1198 2252 vel
1217 2220 1323 2250 simile
1343 2219 1424 2259 quid
1443 2220 1523 2250 coni.

193 2261 333 2293 AWiiller:
358 2268 393 2293 ut
410 2269 494 2299 erat,
513 2265 724 2294 constantius
741 2264 843 2303 vulg.y
859 2264 918 2294 sed
934 2265 969 2303 cf.
991 2264 1067 2295 adn.
1088 2263 1136 2295 ad
1149 2265 1244 2295 Fam.
1264 2264 1319 2294 xii.
1341 2275 1383 2294 ρο
1504 2274 1523 2301 4

193 2307 413 2345 respondisse
432 2307 529 2337 Rom.
546 2308 680 2347 Ivnlg.:
702 2308 864 2347 ppndisse
877 2307 918 2336 M
932 2312 969 2338 ut
983 2308 1129 2338 videtur:
1150 2307 1375 2348 perpendisse
1390 2306 1525 2337 Baiter:

193 2350 411 2424 rOeerendisse
430 2351 507 2380 coni.
527 2349 650 2381 Miillcr
767 2361 804 2389 13
830 2352 1049 2390 privabamur
1069 2351 1169 2382 Orelli
1276 2361 1317 2389 25
1342 2350 1524 2381 venditasti

227 2404 258 2423 re
282 2404 290 2423 ι
