1742 2651
84 82 195 119 XIV.
216 82 292 117 xvi
599 82 654 118 M.
687 81 853 117 TVLLI
887 80 1194 119 CICERONIS

186 398 210 435 3

183 1112 209 1149 4

188 2027 204 2053 I

234 193 330 230 ferre
352 206 476 242 posse.
537 191 635 240 Quis
657 191 762 229 enim
783 192 926 229 audeat
951 191 1105 229 laedere
1131 189 1332 240 proposita
1358 203 1472 228 cruce
1499 198 1565 228 aut

233 270 336 303 saxo,
369 257 594 306 praesertim
631 256 747 294 tantis
782 255 993 305 plausibus,
1026 262 1134 292 tanta
1167 254 1451 304 approbatione
1484 254 1565 292 infi-

234 336 386 360 morum
404 324 420 360 ?

288 389 416 433 Nunc,
459 387 509 424 mi
546 387 686 431 Attice,
725 399 787 423 me
822 386 881 423 fac
921 393 962 423 ut
1001 385 1196 435 expedias.
1262 384 1402 434 Cupio,
1444 398 1564 434 quom

233 455 353 490 Bruto
381 459 515 489 nostro
544 451 706 489 adfatim
738 450 828 488 satis
860 450 1028 497 fecerim,
1051 463 1251 488 excurrere
1281 449 1319 487 in
1347 449 1562 487 Graeciam.

233 517 368 566 Magni
404 517 563 554 interest
599 515 801 554 Ciceronis
836 517 897 553 vel
929 529 1015 553 mea
1054 514 1185 564 potius
1217 516 1276 552 vel
1312 528 1375 552 me
1408 515 1565 552 hercule

231 582 432 630 utriusque
454 594 516 618 me
543 580 776 618 intervenire
803 579 981 618 discenti.
1042 581 1145 617 Nam
1175 579 1342 629 epistula
1364 578 1565 617 Leonidae

230 660 348 695 quam
383 647 433 683 ad
467 659 529 683 me
564 645 702 683 misisti
736 644 832 694 quid
871 646 1001 691 habet,
1039 658 1197 693 quaeso,
1234 643 1273 681 in
1308 657 1387 693 quo
1422 657 1565 693 magno

231 724 347 760 opere
369 712 590 748 laetemur?
634 711 863 758 Numquam
886 709 949 747 ille
971 709 1066 746 mihi
1087 709 1179 747 satis
1201 709 1347 747 laudari
1369 708 1565 746 videbitur

231 789 320 812 cum
343 774 395 812 ita
416 774 648 821 laudabitur,
676 775 790 822 ‘Quo
812 775 933 812 modo
954 788 1059 811 nunc
1081 776 1162 812 ests
1215 775 1308 811 Non
1329 781 1386 811 est
1408 773 1564 812 fidentis

230 842 305 878 hoc
328 840 596 878 testimonium
624 841 693 878 sed
720 839 852 889 potius
880 839 1063 878 timentis.
1126 839 1278 877 Herodi
1305 846 1436 877 autem
1459 853 1564 876 man-

229 906 363 943 daram
399 913 440 943 ut
476 905 571 943 mihi
609 907 699 943 κατὰ
732 906 838 955 μίτον
868 904 1063 943 scriberet.
1124 906 1159 941 A
1189 917 1269 953 quo
1298 905 1428 941 adhuc
1459 905 1565 941 nulla

230 970 355 1007 littera
384 978 452 1008 est.
512 972 661 1008 Vereor
690 983 739 1008 ne
770 969 866 1007 nihil
896 968 1077 1007 habuerit
1107 970 1215 1018 quod
1246 968 1352 1014 mihi,
1382 982 1471 1006 cum
1503 983 1564 1007 co-

228 1050 424 1086 gnossem,
449 1035 665 1073 iucundum
688 1042 841 1084 putaret
862 1036 953 1072 fore.

283 1101 403 1148 Quod
434 1101 485 1138 ad
522 1103 729 1138 Xenonem
769 1100 966 1150 scripsisti,
1002 1101 1114 1138 valde
1154 1099 1248 1137 milii
1287 1107 1438 1149 gratum
1477 1108 1562 1147 est3

228 1165 323 1202 nihil
352 1165 456 1203 enim
482 1166 619 1203 deesse
643 1165 824 1204 Ciceroni
853 1178 943 1202 cum
971 1166 1021 1203 ad
1046 1164 1218 1202 officium
1251 1172 1331 1202 tum
1363 1166 1413 1203 ad
1438 1165 1562 1203 existi-

229 1229 442 1268 mationem
484 1243 611 1267 meam
653 1229 831 1279 pertinet.
907 1230 1126 1266 Flammam
1169 1229 1404 1267 Flaminium
1443 1229 1562 1267 audio

230 1297 382 1333 Romae
404 1308 498 1333 esse.
559 1295 622 1332 Ad
645 1308 734 1332 eum
757 1294 891 1344 scripsi
918 1308 979 1332 me
1004 1293 1074 1332 tibi
1101 1295 1309 1332 mandasse
1330 1308 1397 1344 per
1417 1293 1562 1332 litteras

227 1368 267 1397 ut
302 1360 351 1398 de
384 1359 565 1397 Montani
598 1359 757 1409 negotio
787 1373 877 1396 cum
909 1372 956 1397 eo
990 1360 1204 1408 loquerere,
1237 1366 1274 1397 et
1304 1359 1420 1397 velim
1451 1372 1561 1397 cures

225 1424 432 1474 epistulam
468 1438 586 1474 quam
625 1425 676 1462 ad
716 1438 805 1461 eum
846 1423 933 1461 misi
973 1424 1217 1462 reddendam
1253 1431 1290 1462 et
1326 1423 1418 1474 ipse,
1452 1425 1560 1473 quod

225 1491 440 1527 commodo
470 1496 538 1526 tuo
568 1490 645 1535 fiat,
678 1502 769 1526 cum
800 1503 847 1527 eo
879 1490 1129 1538 conloquare.
1190 1491 1302 1534 Puto,
1335 1488 1365 1526 si
1395 1488 1490 1538 quid
1521 1488 1560 1526 in

226 1554 387 1592 homine
408 1553 568 1604 pudoris
592 1562 660 1599 est,
684 1561 968 1603 praestaturum
995 1567 1085 1592 eum
1111 1567 1160 1592 ne
1188 1568 1274 1592 sero
1301 1567 1391 1591 cum
1412 1555 1560 1591 damno

225 1621 482 1669 dependatur.
545 1621 605 1657 I)e
626 1618 758 1657 Attica
778 1627 999 1669 pergratum
1022 1619 1116 1656 mihi
1145 1618 1268 1657 fecisti
1290 1619 1397 1668 quod
1418 1617 1559 1656 curasti

224 1692 315 1722 ante
337 1684 475 1722 scirem
497 1691 600 1722 recte
621 1698 705 1722 esse
726 1697 844 1733 quam
866 1697 947 1722 non
969 1685 1069 1722 belle
1091 1683 1219 1722 fuisse.

268 1832 403 1866 XVII
481 1835 550 1866 Ser.
572 1835 604 1865 itt
624 1835 826 1876 Pompeiano
842 1835 874 1866 iv
890 1835 977 1866 Non.
999 1835 1078 1866 Mai.
1099 1846 1128 1866 a.
1153 1844 1209 1874 710
1229 1834 1316 1875 (44).

633 1924 805 1954 CICERO
833 1923 1013 1954 ATTICO
1044 1922 1150 1954 SAL.

280 2016 326 2052 In
363 2013 649 2063 Pompeianum
684 2012 771 2051 veni
808 2025 831 2049 v
867 2014 1004 2051 Nonas
1045 2012 1183 2058 Maias,
1217 2025 1306 2050 cum
1346 2011 1481 2061 pridie,
1515 2019 1557 2050 ut

223 2086 339 2116 antea
364 2079 413 2115 ad
440 2086 476 2116 te
503 2077 650 2127 scripsi,
676 2077 811 2115 Piliam
840 2077 879 2114 in
903 2079 1085 2116 Cumano
1114 2076 1433 2115 conlocavissem.
1495 2076 1557 2115 Ibi

272 2193 282 2211 1
310 2182 445 2212 laedere
462 2181 583 2211 Orelli:
608 2182 745 2211 laudare
763 2181 835 2212 M1:
861 2181 987 2211 violare
1006 2181 1061 2210 Μ’Ξ
1208 2191 1226 2218 4
1252 2191 1350 2219 quom
1369 2184 1438 2210 velt.
1460 2192 1466 2210 :
1489 2191 1555 2219 que

224 2227 258 2255 in
278 2225 318 2254 M
430 2235 467 2263 13
489 2235 691 2263 cognossem
717 2225 756 2254 I:
793 2235 996 2263 cognoscem
1026 2224 1084 2254 M:
1122 2234 1361 2263 cognoscerem
1388 2224 1454 2254 cod.
1476 2224 1554 2254 Bal-

224 2269 374 2301 lz'olensis,
397 2272 431 2298 n!
447 2268 509 2297 vid.
633 2279 673 2298 22
698 2279 776 2297 sero
794 2279 867 2297 cum
886 2269 1009 2298 damno
1030 2268 1146 2297 Orelli:
1176 2278 1276 2306 spero
1293 2268 1436 2305 quodam
1456 2268 1554 2298 modo

223 2313 284 2342 JW:
308 2322 385 2342 sero
404 2311 566 2341 Montano
586 2312 638 2341 Fr.
659 2310 810 2341 Srlmn'dt
974 2322 1016 2351 24
1042 2316 1076 2341 ut
1088 2315 1163 2351 poet
1179 2311 1299 2340 curasti
1317 2310 1391 2341 add.
1413 2305 1457 2341 Zh
1477 2321 1506 2341 v.
1527 2321 1552 2341 e.

224 2356 251 2386 L
272 2367 392 2395 munga
415 2379 422 2394 ‚
443 2354 549 2393 sedes.
570 2354 666 2385 Fam.
689 2354 718 2385 ii.
737 2356 766 2385 8.
790 2365 802 2384 1

1587 461 1604 493 5

1585 788 1626 811 10

1585 1117 1621 1149 15

1582 1441 1621 1463 20
