1742 2651
119 120 189 157 XI.
213 119 291 156 xiv
587 120 643 156 M.
676 118 843 155 TVLLI
876 117 1183 156 CICERONIS

231 231 403 282 quidem,
437 239 478 269 ut
513 230 678 276 solebas
712 229 905 268 consolari
937 228 1146 278 faterisque
1180 229 1219 267 id
1254 228 1335 267 fieri
1367 228 1444 266 iam
1479 242 1559 267 non

232 310 356 346 posse.
418 297 503 334 Nec
530 295 636 334 enim
666 308 712 333 ea
741 302 831 332 sunt
857 307 959 343 quae
988 301 1097 332 erant
1124 302 1239 331 antea
1265 307 1367 339 cum,
1394 301 1436 331 ut
1462 292 1560 331 nihil

231 362 349 409 aliud,
373 362 536 400 comites
562 374 624 399 me
646 368 683 398 et
704 359 831 398 socios
858 360 1003 397 habere
1023 359 1222 408 putabam.
1283 359 1434 397 Omnes
1455 357 1561 397 enim

232 427 394 466 Achaici
434 428 708 476 deprecatores
752 425 925 474 itemque
964 424 1003 461 in
1038 423 1131 461 Asia
1171 424 1314 473 quibus
1358 437 1438 462 non
1481 431 1562 462 erat

232 493 420 543 ignotum,
445 492 562 530 etiam
584 491 728 541 quibus
753 498 843 536 erat,
867 489 906 527 in
929 489 1101 527 Africam
1124 488 1309 527 dicuntur
1333 488 1559 539 navigaturi.
1583 501 1599 532 5

234 560 294 596 Ita
324 565 474 607 praeter
505 557 683 595 Laelium
714 555 912 594 neminem
949 555 1078 592 habeo
1112 556 1251 603 culpae
1286 554 1462 601 socium;
1496 553 1563 604 qui

233 630 364 660 tamen
400 623 475 660 hoc
511 622 672 660 meliore
706 621 745 658 in
780 633 896 658 causa
935 627 992 657 est
1028 620 1136 668 quod
1170 618 1247 656 iam
1283 627 1340 657 est
1372 626 1561 668 receptus.

190 696 214 722 2
236 690 296 725 De
324 701 387 725 me
416 696 548 725 autem
578 700 659 724 non
686 685 828 724 dubito
856 684 950 734 quin
976 685 1027 722 ad
1057 683 1225 721 Balbum
1254 691 1291 721 et
1316 684 1366 721 ad
1388 683 1564 733 Oppium

233 751 426 802 scripserit
444 767 451 798 3
475 765 497 789 a
514 751 668 801 quibus,
686 750 714 788 si
733 749 829 799 quid
847 756 947 787 esset
964 747 1113 794 laetius,
1129 747 1269 786 certior
1284 749 1409 785 factus
1425 761 1563 794 essem,

233 825 363 855 tecum
385 816 503 854 etiam
524 824 653 854 essent
675 814 806 853 locuti.
869 813 1118 863 Quibuscum
1140 820 1181 850 tu
1203 814 1252 850 de
1273 814 1349 850 hoc
1371 812 1456 862 ipso
1477 827 1566 850 con·
1588 824 1626 846 10

234 884 394 931 loquare
414 881 530 919 velim
559 889 595 919 et
620 882 671 918 ad
700 894 762 917 me
791 878 887 928 quid
916 878 985 916 tibi
1010 877 1284 927 responderint
1305 877 1461 924 scribas,
1485 891 1565 915 non

234 947 342 996 quod
369 947 420 983 ab
448 946 522 983 isto
550 947 652 983 salus
681 946 773 983 data
795 944 1007 994 quicquam
1034 943 1213 980 habitura
1234 943 1281 980 sit
1302 942 1564 989 firmitudinis,

235 1013 304 1050 sed
326 1019 457 1048 tamen
478 1010 627 1059 aliquid
650 1008 801 1048 consuli
824 1016 862 1047 et
883 1008 1052 1058 prospici
1073 1008 1226 1058 poterit.
1284 1007 1367 1046 Etsi
1388 1007 1567 1046 omnium

236 1084 493 1126 conspectum
522 1077 672 1122 horreo,
698 1074 923 1124 praesertim
952 1075 1027 1111 hoc
1054 1087 1208 1123 genero,
1232 1082 1365 1112 tamen
1390 1073 1429 1111 in
1451 1073 1568 1111 tantis

193 1152 216 1188 3
238 1142 348 1179 malis
373 1141 469 1190 quid
495 1141 602 1179 aliud
623 1140 740 1178 velim
769 1153 848 1178 non
877 1139 1037 1189 reperio.
1099 1139 1271 1187 Quintus
1299 1139 1433 1190 pergit,
1456 1147 1497 1177 ut
1518 1140 1568 1178 ad
1590 1148 1627 1181 15

238 1222 300 1245 me
328 1215 366 1245 et
388 1209 514 1245 Pansa
544 1206 695 1256 scripsit
724 1213 761 1243 et
788 1204 952 1250 Hirtius,
980 1204 1091 1254 isque
1121 1204 1214 1242 item
1237 1204 1409 1243 Africam
1438 1212 1569 1254 petere

237 1286 327 1311 cum
361 1271 499 1310 ceteris
530 1271 683 1310 dicitur.
744 1271 809 1308 Ad
838 1269 1059 1307 Minucium
1081 1271 1298 1308 Tarentum
1331 1270 1499 1308 scribam
1531 1277 1569 1308 et

239 1346 324 1376 tuas
363 1337 508 1376 litteras
548 1336 726 1383 mittamg
774 1336 825 1373 ad
860 1343 897 1373 te
937 1334 1104 1373 scribam
1145 1349 1240 1373 num
1281 1335 1377 1385 quid
1411 1334 1566 1385 egerim.

241 1405 311 1441 HS
336 1406 425 1440 ᾖ
450 1402 624 1452 potuisse
650 1403 816 1448 mirarer,
841 1401 914 1439 nisi
937 1404 1059 1440 multa
1079 1404 1129 1441 de
1152 1401 1366 1440 Fufidianis
1387 1399 1566 1450 praediis.

239 1474 312 1508 *ret
338 1468 508 1506 advideo
536 1476 667 1506 tamen
695 1475 879 1517 exspecto
895 1472 941 1510 †;
972 1481 1090 1518 quem
1117 1468 1260 1514 videre,
1284 1466 1314 1504 si
1341 1468 1421 1504 ullo
1449 1466 1570 1503 modo
1592 1477 1631 1499 20

240 1541 367 1583 potest
390 1533 533 1583 (poscit
559 1533 664 1571 enim
690 1533 777 1582 res),
802 1532 999 1582 pervelim.
1062 1535 1145 1571 Iam
1174 1540 1389 1571 extremum
1415 1532 1571 1569 conclu-

239 1599 344 1637 ditur
358 1614 368 1647 ,·
397 1598 481 1639 †ibi
503 1598 616 1637 facile
638 1606 706 1645 est,
723 1599 830 1647 quod
848 1599 964 1648 quale
985 1597 1033 1636 sit
1051 1597 1115 1635 hic
1135 1597 1288 1648 gravius
1308 1595 1567 1636 existimaret.

240 1665 350 1703 Vale.

285 1804 368 1838 XV
528 1807 597 1839 Scr.
619 1808 878 1850 Brlmdt'sz'prid.
899 1810 948 1841 Id.
971 1809 1050 1840 [lsai.
1071 1820 1102 1840 a.
1124 1819 1181 1848 707
1200 1808 1284 1850 (47).

662 1886 837 1917 CICERO
862 1887 1033 1917 ATTICO
1060 1887 1158 1917 SAL.
1595 1883 1633 1914 25

206 1973 223 1999 1
297 1963 497 2011 Quoniam
519 1964 639 2003 iustas
661 1979 798 2004 causas
819 1967 948 2004 adfers
969 1979 1068 2015 quor
1088 1972 1126 2003 te
1147 1966 1223 2002 hoc
1245 1971 1420 2013 tempore
1440 1961 1572 2000 videre

244 2042 322 2067 non
354 2029 514 2078 possim,
539 2044 700 2080 quaeso,
729 2033 848 2080 cogita
875 2030 970 2080 quid
1001 2030 1048 2068 sit
1079 2029 1174 2067 mihi
1205 2029 1440 2067 faciendum.
1501 2028 1572 2065 Ille

290 2144 327 2164 12
352 2136 441 2173 quod
468 2135 544 2165 M‘2:
578 2147 645 2166 om.
670 2134 748 2167 AF:
784 2146 851 2174 quo
879 2135 993 2165 Baiter
1123 2145 1165 2165 20
1188 2134 1248 2164 sed
1276 2134 1375 2164 avide
1402 2138 1515 2163 tamen
1540 2136 1573 2162 te

244 2183 406 2217 exspecto
433 2180 510 2210 τουτ’.
535 2178 723 2219 chsenhng
853 2189 890 2208 21
919 2180 1027 2218 poscit
1053 2178 1231 2209 Graevius:
1265 2182 1341 2217 post
1366 2176 1422 2207 M:
1460 2180 1575 2215 potest

245 2216 289 2250 Zb
306 2233 312 2252 z
336 2226 387 2251 est
406 2222 527 2253 Bosins
645 2234 686 2253 22
710 2222 753 2252 ibi
771 2222 831 2253 tibi
849 2223 946 2253 facile
963 2227 1015 2253 est
1028 2220 1210 2262 (iudicium
1225 2219 1358 2262 facere)
1372 2220 1461 2259 quod
1474 2220 1574 2259 quale

244 2266 287 2295 sit
300 2266 353 2296 hic
367 2267 503 2305 gravius
517 2272 568 2297 est
581 2267 774 2297 existimare
786 2267 835 2297 vel
843 2265 1038 2305 sinn‘leqm'd
1050 2265 1238 2304 lVesenbeaeg
1252 2276 1258 2294 ε
1274 2264 1357 2303 sort.
1371 2264 1460 2302 quod
1474 2262 1573 2302 quale

244 2310 286 2339 sit
305 2310 349 2339 ibi
368 2310 462 2340 facile
480 2315 543 2343 est,
562 2311 614 2340 hic
632 2311 767 2349 gravius
784 2310 976 2340 existimare
1080 2309 1170 2348 quod
1188 2308 1244 2339 M:
1270 2308 1350 2347 quid
1367 2302 1411 2338 Zb
1520 2307 1574 2336 hic

245 2355 380 2392 gravius
399 2353 445 2384 C:
469 2353 580 2391 gravis
598 2354 656 2384 M:
681 2365 784 2393 grave
801 2358 852 2384 est
868 2353 890 2382 I
1026 2354 1069 2383 26
1092 2362 1177 2391 quor
1195 2351 1333 2380 Vrsinus
1350 2350 1423 2391 (sed
1434 2350 1462 2380 is
1477 2350 1550 2387 cur)
1568 2359 1575 2378 :

245 2398 324 2436 quid
343 2396 402 2426 M:
430 2398 518 2436 quod
536 2397 604 2427 edd.
785 2408 823 2436 27
850 2397 959 2436 cogita
977 2396 1052 2427 add.
1074 2395 1197 2426 Miiller
1212 2395 1277 2426 coll.
1297 2395 1340 2425 ix.
1364 2404 1410 2432 17.
1430 2404 1450 2424 2
1466 2405 1473 2424 t
1491 2393 1572 2432 fort.

244 2451 381 2481 quaere,
401 2451 526 2479 quaeso
