1742 2651
586 140 697 177 EPP.
730 139 807 175 AD
839 136 1097 175 ATTICVM
1386 131 1584 170 X111.xii

177 254 323 299 scribis,
347 253 421 291 scis
453 266 514 291 me
548 259 664 289 antea
698 249 894 288 orationes
923 256 988 286 aut
1019 247 1167 297 aliquid
1199 246 1238 284 id
1268 259 1391 295 genus
1421 243 1506 282 soli-

177 327 259 357 tum
309 318 475 357 scribere
524 325 565 355 ut
609 319 824 353 Varronem
874 327 1068 363 nusquam
1118 325 1274 362 possem
1323 311 1505 348 intexere.

178 387 319 422 Postea
352 391 485 421 autem
519 396 637 432 quam
671 382 767 418 baec
801 379 913 429 coepi
947 379 1240 430 φιλολογώτερα,
1276 376 1351 413 iam
1384 377 1508 412 Varro

178 449 272 487 mihi
304 448 602 488 denuntiaverat
630 459 811 495 magnam
844 458 937 483 sane
968 452 1005 482 et
1036 457 1192 493 gravem
1224 442 1507 491 wpwdnfimymv.

138 526 155 557 5
180 514 388 552 Biennium
423 512 617 563 praeteriit
656 525 746 549 cum
786 510 850 548 ille
891 509 1157 558 Καλλιππίδης
1191 507 1359 547 adsiduo
1394 519 1508 544 cursu

177 579 354 617 cubitum
385 580 536 616 nullum
567 576 808 627 processerit,
832 588 905 625 ego
931 582 1062 613 autem
1093 588 1155 612 me
1180 573 1367 624 parabam
1391 573 1441 609 ad
1469 570 1508 608 id

177 645 286 693 quod
326 644 388 681 ille
428 642 522 680 mihi
562 641 730 680 misisset
761 649 802 678 ut
840 642 963 690 ἀὐτῷ
993 643 1043 691 τῷ
1073 641 1192 691 μέτρῳ
1225 640 1284 676 καὶ
1314 639 1448 683 λώϊον,’
1479 636 1509 674 si

179 710 299 747 modo
330 709 545 759 potuissem
565 723 574 756 3
604 721 694 746 nam
716 708 792 745 hoc
813 706 930 745 etiarn
959 706 1163 745 Hesiodus
1192 705 1362 751 ascribit,
1389 705 1452 741 ‘ai'
1471 720 1510 741 κε

178 775 329 823 δύνηαι.)

121 853 159 875 ιο
233 841 352 877 Nunc
374 839 478 877 illam
498 840 581 889 περὶ
600 842 716 877 τελῶν
734 839 907 884 σύνταξιν
928 851 1021 875 sane
1039 836 1133 874 mihi
1150 836 1355 886 probatam
1374 837 1506 880 Bruto,

178 911 220 942 ut
251 903 320 942 tibi
350 904 507 954 placuit,
531 902 827 954 despondimus,
851 902 971 951 idque
999 908 1040 939 ln
1068 915 1158 940 eum
1186 915 1266 939 non
1288 901 1392 938 nolle
1415 898 1509 937 mihi

179 968 375 1019 scripsisti.
437 971 541 1019 Ergo
573 969 677 1006 illam
699 967 960 1017 Ἀκαδημικήν,
985 967 1023 1004 in
1046 980 1125 1016 qua
1146 965 1328 1003 homines
1356 964 1509 1002 nobiles

179 1034 232 1072 illi
254 1034 415 1084 quidem
437 1035 506 1073 sed
528 1036 637 1072 nullo
662 1034 783 1072 modo
805 1032 992 1083 philologi
1016 1031 1131 1069 nimis
1148 1038 1262 1069 acute
1282 1032 1508 1079 loquuntur,

178 1100 229 1137 ad
259 1101 477 1137 Varronem
508 1100 795 1137 transferamus.
857 1097 1015 1136 Etenim
1047 1103 1136 1134 sunt
1167 1094 1380 1133 Antiochia
1410 1107 1511 1143 quae

123 1177 158 1210 15
180 1164 251 1202 iste
271 1165 385 1203 valde
414 1165 566 1214 probat.
626 1165 770 1203 Catulo
800 1170 837 1201 et
870 1163 1036 1200 Lucullo
1063 1160 1156 1199 alibi
1186 1173 1435 1210 reponemus,
1459 1159 1511 1197 ita

180 1237 311 1267 tamen
334 1228 364 1267 si
385 1237 427 1267 tu
448 1231 524 1267 hoc
546 1229 713 1279 probas,
743 1230 872 1277 deque
894 1241 941 1266 eo
964 1226 1059 1264 mihi
1080 1225 1268 1264 rescribas
1289 1224 1418 1263 velim.

236 1296 296 1333 De
333 1294 546 1332 Brinniana
580 1293 762 1332 auctione
796 1293 931 1343 accepi
962 1306 985 1330 a
1014 1291 1197 1330 Vestorio
1227 1290 1383 1329 litteras.
1444 1290 1509 1327 Ait
1528 1295 1554 1332 4

179 1360 263 1398 sine
290 1361 368 1398 ulla
395 1359 659 1398 controversia
688 1373 768 1398 rem
798 1360 849 1397 ad
880 1373 942 1396 me
972 1371 1056 1396 esse
1087 1359 1295 1395 conlatam.
1356 1357 1510 1393 Romae

179 1425 361 1463 videlicet
395 1433 462 1463 aut
493 1424 533 1462 in
565 1426 792 1463 Tusculano
825 1438 887 1462 me
918 1425 999 1461 fore
1031 1429 1266 1472 putaverunt
1300 1435 1331 1459 a.
1365 1421 1402 1458 d.
1436 1432 1509 1457 V111

122 1505 161 1526 20
183 1491 269 1528 Kal.
294 1489 430 1539 Quint.
491 1490 610 1528 Dices
631 1489 745 1539 igitur
764 1490 824 1527 vel
849 1488 978 1527 amico
1006 1496 1074 1526 tuo
1105 1489 1141 1525 S.
1164 1486 1299 1524 Vettio
1325 1484 1509 1524 coheredi

180 1568 269 1593 meo
296 1556 357 1593 vel
388 1554 566 1593 Labeoni
586 1562 721 1593 nostro
748 1555 909 1604 paulum
940 1554 1138 1603 proferant
1167 1551 1419 1597 auctionem3
1448 1564 1511 1587 me

179 1620 330 1658 circiter
369 1621 506 1658 Nonas
541 1619 580 1657 in
615 1621 842 1657 Tusculano
877 1620 969 1657 fore.
1030 1619 1133 1657 Cum
1170 1617 1313 1655 Pisone
1350 1618 1510 1654 Erotem

179 1685 312 1723 habes.
374 1686 435 1723 De
457 1684 686 1735 Scapulanis
706 1684 828 1723 hortis
850 1692 933 1722 toto
955 1691 1114 1733 pectore
1134 1682 1363 1732 cogitemus.
1416 1680 1511 1718 Dies

179 1751 301 1789 adest.

121 1862 160 1893 25
224 1850 352 1894 XIII,
370 1850 479 1885 XIV
525 1853 592 1885 Ser.
615 1853 648 1884 in
665 1853 827 1894 Arpinati
839 1854 874 1884 vi
886 1853 929 1884 K.
951 1853 1066 1893 Quint.
1085 1863 1115 1884 α.
1137 1862 1196 1892 709
1216 1851 1297 1893 (45).

587 1932 757 1963 CICERO
786 1931 967 1963 ATTICO
997 1930 1103 1962 SAL.

235 2011 471 2049 Commotus
506 2009 581 2048 tuis
613 2009 759 2055 litteris,
790 2010 899 2059 quod
939 2008 990 2046 ad
1030 2020 1093 2045 me
1132 2008 1182 2045 de
1214 2008 1391 2044 Varrone
1423 2006 1511 2043 scri-
1530 2016 1547 2043 1

180 2088 322 2124 pseras,
341 2083 464 2113 totam
481 2073 739 2112 Academiam
760 2075 810 2112 ab
831 2073 1059 2112 hominibus
1080 2071 1334 2110 nobilissimis
1354 2071 1508 2118 abstuli,

181 2140 359 2178 transtuli
379 2141 430 2179 ad
451 2148 629 2178 nostrum
650 2140 826 2177 sodalem
848 2147 885 2178 et
907 2153 953 2177 ex
982 2138 1140 2177 duobus
1167 2136 1274 2175 libris
1301 2136 1450 2175 contuli
1472 2136 1510 2174 in

121 2220 163 2250 30
181 2213 374 2262 quattuor,
445 2204 684 2243 Grandiores
723 2212 813 2242 sunt
852 2204 1016 2242 omnino
1055 2217 1174 2253 quam
1213 2210 1322 2241 erant
1354 2202 1407 2240 illi
1442 2204 1511 2240 sed

224 2311 245 2340 6
268 2314 480 2349 processerat
498 2308 620 2338 Mz'iller
710 2318 744 2339 11
772 2314 806 2338 tu
821 2319 848 2340 v.
865 2320 886 2339 c.
905 2309 933 2338 L
951 2309 1092 2349 (marg.)
1111 2308 1228 2339 codices
1243 2309 1346 2338 Bosi:
1373 2318 1438 2338 om.
1458 2311 1511 2338 ΣΔ

185 2363 220 2392 14
246 2353 426 2393 Ἀντιόχεια
442 2352 561 2382 Lamb.
683 2361 721 2390 15
747 2352 901 2383 Catulum
920 2358 952 2382 ct
972 2352 1146 2382 Lucullum
1167 2353 1351 2382 Gronovius
1471 2362 1513 2380 20

182 2397 299 2435 Quint.
333 2397 401 2428 secl.
437 2395 559 2427 Scln'itz
706 2405 747 2424 22
781 2395 830 2425 Tu
857 2406 930 2426 curn
964 2395 1089 2425 Pisone
1106 2406 1113 2426 ε
1154 2395 1292 2426 Erotem
1329 2394 1515 2434 lVesenherg

183 2440 247 2471 coll.
274 2440 386 2478 16fin.
522 2449 563 2477 29
587 2439 812 2477 transtulique
831 2438 919 2469 Crat.
938 2438 1056 2469 Lamb.
