1742 2651
116 489 133 520 5

95 811 134 832 10

92 1470 132 1492 20

566 102 678 140 EPP.
710 104 787 140 AD
817 102 1075 140 ATTICVM
1392 101 1503 137 XVI.
1523 98 1599 136 xvi
1613 110 1637 136 A

153 226 221 251 eos
245 214 374 252 delata
397 222 497 252 sunt.
559 214 826 253 Probaverunt
854 227 1013 252 causam
1037 213 1120 252 sine
1144 214 1223 251 ulla
1242 212 1489 251 dubitatione

154 292 274 328 seque
301 280 351 317 ad
372 287 409 317 te
434 279 579 317 litteras
605 281 764 318 daturos
792 292 876 318 esse
903 279 1094 318 dixerunt.
1155 280 1240 327 Ego
1267 285 1410 323 autem,
1435 276 1488 315 mi

155 345 309 390 Plance,
327 343 399 382 etsi
419 357 500 382 non
521 343 752 382 dubitabam
770 344 864 394 quin
885 352 923 382 et
944 351 1103 381 senatus
1124 344 1348 381 consultum
1370 350 1407 380 et
1428 344 1489 380 lex

153 415 191 446 et
212 410 429 446 consulum·
447 409 649 446 decretum
676 421 722 445 ac
749 407 898 446 litterae
924 408 1030 457 apud
1055 414 1093 444 te
1120 406 1333 457 plurimum
1357 413 1486 444 aucto>

152 472 274 511 ritatis
301 473 492 511 haberent
512 480 630 522 teque
656 472 777 521 ipsius
797 472 919 510 Attici
947 485 1064 510 causa
1085 473 1184 509 velle
1208 471 1488 519 intellexeram,

153 544 285 575 tamen
319 539 396 576 hoc
430 550 500 587 pro
535 536 815 575 coniunctione
850 545 887 574 et
916 535 1194 575 benevolentia
1227 544 1359 573 nostra
1392 536 1487 574 mihi

153 602 301 652 sumpsi
331 610 373 640 ut
403 601 443 640 id
473 615 495 639 a
524 610 562 640 te
592 609 764 651 peterem
795 603 904 651 quod
933 609 1000 638 tua
1029 600 1233 650 singularis
1263 601 1487 639 humanitas

152 666 450 716 suavissimique
475 680 602 705 mores
627 680 649 704 a
669 674 706 704 te
727 674 857 704 essent
879 666 1132 715 impetraturi.
1195 667 1244 705 Id
1270 674 1402 704 autem
1428 674 1487 705 est

153 740 194 770 ut
224 733 300 770 hoc
329 733 437 781 quod
459 740 496 770 te
518 740 583 770 tua
607 740 748 781 sponte
769 733 961 769 facturum
983 745 1068 769 esse
1089 739 1196 770 certo
1222 731 1303 769 scio
1324 732 1485 770 honoris

152 796 273 834 nostri
303 810 420 834 causa
449 796 625 842 libenter,
652 796 810 846 prolixe,
839 796 1014 834 celeriter
1043 796 1172 834 facias.
1234 796 1335 834 Mihi
1366 811 1484 835 nemo
1505 810 1529 849 7

152 868 210 899 est
238 860 401 899 amicior
432 874 504 898 nec
534 860 743 898 iucundior
773 874 846 898 nec
876 860 1000 898 carior
1028 861 1189 909 Attico,
1229 861 1339 899 cuius
1368 869 1486 899 antea

152 940 210 964 res
245 927 373 963 solum
404 925 601 963 familiaris
633 926 821 974 agebatur
850 938 975 974 eaque
1005 939 1156 975 magna,
1184 939 1290 964 nunc
1321 926 1486 964 accessit

151 991 269 1029 etiam
286 990 531 1037 existimatio,
549 998 591 1028 ut
609 991 717 1040 quod
739 997 975 1028 consecutus
997 997 1055 1027 est
1076 1003 1218 1040 magna
1237 998 1275 1028 et
1296 990 1488 1028 industria

151 1064 189 1094 et
208 1055 329 1106 gratia
349 1063 387 1094 et
408 1055 496 1094 vivo
519 1057 685 1095 Caesare
706 1063 744 1093 et
765 1062 921 1093 mortuo
942 1054 982 1092 id
1003 1062 1040 1093 te
1064 1055 1275 1093 adiuvante
1297 1055 1483 1094 obtineat.

152 1123 273 1170 Quod
294 1121 325 1159 si
346 1135 368 1159 a
388 1129 426 1159 te
447 1121 517 1159 erit
537 1120 799 1171 impetratum,
823 1120 878 1158 sic
898 1120 1015 1158 velim
1042 1120 1239 1159 existimes
1267 1135 1329 1159 me
1350 1122 1399 1159 de
1420 1128 1488 1158 tua

150 1186 381 1225 liberalitate
408 1186 462 1224 ita
488 1186 831 1235 interpretaturum
861 1193 903 1223 ut
928 1193 996 1223 tuo
1023 1199 1180 1224 summo
1207 1185 1402 1224 beneficio
1423 1200 1486 1224 me

149 1252 349 1289 adfectum
377 1251 560 1289 iudicem.
621 1253 706 1300 Ego
734 1265 835 1300 quae
862 1258 900 1288 te
926 1252 1025 1289 velle
1052 1264 1234 1301 quaeque
1263 1253 1313 1289 ad
1341 1259 1378 1289 te
1405 1265 1486 1301 per-

151 1316 272 1354 tinere
292 1315 510 1355 arbitrabor
529 1315 705 1355 studiose
721 1315 1007 1366 diligenterque
1027 1317 1185 1355 curabo.
1243 1319 1306 1355 Da
1325 1330 1485 1367 operam

150 1388 192 1419 ut
212 1382 351 1420 valeas

792 1465 836 1501 B.

587 1552 657 1582 Ser.
674 1551 777 1592 paulo
787 1555 861 1592 post
877 1557 922 1591 cp.
944 1551 984 1581 16
998 1551 1044 1583 A.

361 1628 536 1659 CICERO
571 1628 755 1659 PLANCO
789 1628 955 1659 PRAET.
990 1628 1140 1660 DESIG.
1173 1628 1272 1659 SAL.

204 1707 289 1744 Iam
332 1714 448 1744 antea
488 1706 606 1756 petivi
649 1707 720 1745 abs
764 1714 800 1744 te
843 1720 912 1756 per
954 1705 1098 1744 litteras
1140 1714 1192 1752 ut,
1233 1719 1323 1744 cum
1365 1706 1525 1744 causa8

150 1770 445 1809 Buthrotiorum
485 1772 649 1821 probata
686 1785 710 1809 a
743 1771 971 1810 consulibus
1011 1779 1112 1810 esset
1151 1771 1295 1821 quibus
1329 1779 1367 1809 et
1398 1773 1482 1821 lege

112 1852 128 1882 5
149 1844 187 1874 et
221 1843 379 1874 senatus
413 1838 594 1874 consulto
633 1836 866 1886 permissum
901 1844 981 1874 erat
1013 1844 1055 1874 ut
1089 1837 1139 1874 de
1171 1836 1348 1875 Caesaris
1386 1835 1482 1874 actis

148 1909 441 1950 cognoscerent,
471 1909 694 1948 statuerent,
722 1901 952 1947 iudicarent,
980 1915 1066 1939 eam
1097 1915 1178 1939 rem
1208 1908 1249 1938 tu
1279 1901 1482 1939 adiuvares

148 1966 405 2016 Atticumque
432 1974 609 2004 nostrum
636 1967 746 2005 cuius
772 1974 809 2005 te
836 1966 1057 2005 studiosum
1086 1966 1252 2016 cognovi
1273 1974 1311 2005 et
1332 1980 1394 2004 me
1415 1966 1482 2015 qui

148 2044 229 2068 non
254 2030 383 2068 minus
404 2031 540 2068 laboro
561 2030 741 2068 molestia
760 2031 953 2069 liberares.
1013 2031 1211 2070 Omnibus
1237 2030 1342 2069 enim
1367 2031 1483 2068 rebus

149 2108 291 2145 magna
317 2108 421 2142 cura,
443 2097 566 2133 multa
594 2109 714 2145 opera
742 2103 779 2134 et
805 2096 939 2134 labore
965 2096 1155 2134 confectis
1182 2095 1221 2133 in
1247 2103 1284 2134 te
1310 2096 1483 2146 positum

93 2173 105 2188 ³
149 2166 207 2197 est
228 2166 270 2197 ut
290 2167 445 2197 nostrae
473 2159 747 2198 sollicitudinis
774 2161 893 2198 finem
915 2174 1033 2210 quam
1055 2161 1225 2210 primum
1251 2162 1377 2198 facere
1398 2174 1485 2210 pos-

149 2223 281 2262 simus.
346 2225 599 2273 Quamquam
634 2223 894 2273 intellegimus
934 2239 980 2263 ea
1011 2233 1048 2263 te
1083 2239 1167 2263 esse
1201 2225 1409 2275 prudentia
1440 2232 1482 2262 ut

148 2288 296 2336 videas,
316 2288 347 2327 si
374 2303 420 2327 ea
441 2290 597 2327 decreta
623 2290 830 2327 consulum
852 2303 952 2339 quae
974 2291 1023 2327 de
1045 2289 1222 2329 Caesaris
1246 2290 1342 2328 actis
1369 2289 1482 2327 inter-

551 2402 565 2422 1
593 2403 727 2425 causam
747 2393 834 2425 Crat.
853 2405 859 2426 z
890 2404 1008 2426 causas
1025 2398 1079 2425 ΣΔ
1331 2437 1395 2469 37*
