1742 2651
125 123 192 160 IX.
214 121 273 158 xii
592 121 646 156 M.
679 118 845 156 TVLLI
878 116 1183 155 CICERONIS

219 231 396 278 vivimus,
420 239 457 270 et
478 238 553 269 stat
574 231 665 268 urbs
686 229 769 276 ista,
792 235 988 278 praetores
1016 226 1075 265 ius
1096 226 1244 273 dicunt,
1266 224 1412 264 aediles
1432 225 1548 263 ludos

221 305 367 347 parant,
391 296 460 334 viri
481 295 577 334 boni
598 308 733 333 usuras
755 293 1010 344 perscribunt,
1034 304 1107 341 ego
1128 291 1210 340 ipse
1231 291 1374 328 sedeo!
1417 290 1548 329 Coner

220 361 311 399 illuc
338 361 392 399 ire
417 369 458 398 ut
484 361 654 405 insanus,
679 359 885 408 implorare
913 358 1033 395 fidem
1055 354 1389 404 municipiorum?
1446 353 1548 392 Boni

220 440 300 464 non
340 433 563 475 sequentur,
597 426 701 462 leves
735 422 971 468 inridebunt,
1006 434 1133 459 rerum
1173 433 1361 457 novarum
1401 417 1546 468 cupidi,

176 499 203 537 4
221 491 386 529 victores
406 489 632 540 praesertim
655 496 693 526 et
712 487 861 533 armati,
884 486 961 524 vim
983 493 1020 524 et
1041 498 1181 522 manus
1201 485 1388 522 adferent.
1439 482 1548 531 Quid
1569 495 1585 524 5

222 568 358 593 censes
390 554 533 604 igitur?
563 553 801 603 ecquidnam
836 560 894 590 est
923 550 979 589 tui
1009 549 1148 588 consili
1184 550 1281 587 mcii
1314 547 1401 586 finis
1433 547 1548 585 huius

224 620 462 658 miserrimae
483 619 614 657 vitae?
672 619 790 656 Nunc
817 618 945 663 doleo,
969 629 1075 653 nunc
1103 622 1297 664 torqueor,
1321 627 1411 651 cum
1441 612 1549 662 quoi-

223 688 313 724 dam
339 693 405 723 aut
426 684 580 734 sapiens
601 683 736 722 videor
756 683 864 732 quod
886 695 964 719 una
984 694 1064 718 non
1086 679 1195 718 ierim
1221 686 1288 717 aut
1308 678 1397 716 felix
1418 678 1546 716 fuisse.

224 750 326 788 Mihi
358 757 502 788 contra.
564 750 793 797 Numquam
824 746 929 785 enim
961 745 1062 783 illius
1090 743 1274 782 victoriae
1304 742 1432 782 socius
1464 756 1548 781 esse

223 815 338 862 volui,
362 814 592 853 calamitatis
622 815 778 851 mallem
810 811 938 850 fuisse.
1000 810 1108 859 Quid
1135 823 1208 858 ego
1240 823 1345 847 nunc
1376 816 1461 846 tuas
1493 807 1549 845 lit·
1573 821 1610 842 10

223 888 334 927 teras,
358 880 453 930 quid
481 887 588 917 tuam
609 878 859 928 prudentiam
880 884 947 915 aut
977 874 1293 914 benevolentiam
1314 874 1550 924 implorem?

224 948 369 984 Actum
390 952 447 983 est
465 959 471 985 ς
502 945 607 982 nulla
634 957 673 981 re
700 943 777 981 iam
798 954 959 992 possum
987 939 1107 978 iuvari
1128 939 1195 989 qui
1217 953 1265 977 ne
1286 939 1394 988 quod
1415 946 1548 988 optem

223 1010 384 1060 quidem
424 1009 500 1047 iam
544 1009 674 1047 habeo
723 1007 795 1045 nisi
838 1014 879 1045 ut
918 1005 1048 1056 aliqua
1087 1004 1235 1042 inimici
1285 1002 1550 1042 misericordia

224 1075 443 1113 liberemur.

269 1264 386 1300 XIII
510 1265 576 1296 Ser.
598 1266 630 1295 in
650 1264 830 1295 Formiano
845 1264 881 1294 ix
897 1263 939 1294 K.
958 1263 1041 1304 Apr.
1063 1273 1092 1294 a.
1116 1273 1170 1303 705
1187 1261 1275 1303 (49).
1577 1273 1612 1304 15

643 1369 814 1401 CICERO
836 1369 1016 1400 ATTICO
1038 1369 1143 1400 SAL.

198 1482 214 1509 1
288 1466 366 1501 Οὐκ
396 1460 471 1500 ἔστ’
498 1462 626 1510 ἔτυμος
654 1461 776 1512 λόγος,
807 1466 848 1496 ut
875 1458 1023 1509 opinor,
1057 1458 1120 1497 ille
1149 1460 1199 1497 de
1229 1459 1384 1497 ratibus.
1445 1457 1554 1506 Quid

231 1528 335 1567 enim
357 1536 458 1566 esset
479 1527 588 1577 quod
611 1525 818 1564 Dolabella
844 1523 889 1561 iis
917 1524 1051 1562 litteris
1073 1538 1170 1574 quas
1197 1537 1242 1562 111
1270 1525 1365 1562 Idus
1393 1522 1554 1561 Martias

228 1608 250 1632 a
278 1592 489 1631 Brundisio
523 1591 632 1630 dedit
659 1592 761 1628 hanc
793 1589 902 1639 quasi
931 1592 1123 1641 εὐημερίαν
1148 1589 1325 1629 Caesaris
1356 1588 1550 1634 scriberet,

231 1658 463 1708 Pompeium
493 1657 532 1694 in
557 1658 647 1706 fuga
673 1669 757 1694 esse
779 1668 949 1705 eumque
970 1655 1096 1705 primo
1117 1663 1235 1694 vento
1256 1655 1554 1704 navigaturum?
1575 1666 1616 1687 20

231 1724 351 1772 Quod
372 1723 485 1760 valde
507 1721 701 1770 discrepat
721 1720 771 1758 ab
793 1719 837 1757 iis
859 1720 1034 1770 epistulis
1056 1734 1220 1770 quarum
1242 1721 1420 1769 exempla
1439 1727 1555 1757 antea

230 1790 280 1827 ad
302 1796 338 1826 te
361 1787 457 1825 misi.
520 1786 599 1824 Hic
620 1785 780 1835 quidem
810 1798 915 1823 mera
943 1787 1088 1823 scelera
1109 1787 1345 1835 loquuntur3
1374 1785 1444 1822 sed
1474 1797 1554 1822 non

232 1861 311 1893 erat
350 1867 422 1891 nec
462 1851 653 1890 recentior
685 1858 821 1889 auctor
859 1864 932 1888 nec
974 1850 1088 1888 huius
1128 1850 1289 1900 quidem
1327 1848 1380 1887 rei
1419 1848 1556 1886 melior

235 1919 450 1958 Dolabella.

190 1992 216 2020 2
285 1985 392 2021 Tuas
422 1995 464 2020 XI
498 1984 547 2020 K.
570 1982 704 2032 accepi
734 1982 878 2020 litteras
905 1981 1048 2031 quibus
1075 1981 1208 2019 omnia
1233 1979 1396 2018 consilia
1424 1978 1554 2018 differs
1578 1994 1613 2025 25

231 2047 270 2085 in
298 2047 337 2085 id
362 2055 516 2096 tempus
541 2060 631 2084 curn
659 2045 859 2084 scierimus
889 2045 984 2095 quid
1014 2051 1145 2083 actum
1176 2044 1234 2082 sit.
1293 2045 1344 2081 Et
1373 2050 1476 2081 certe
1503 2041 1555 2079 ita

230 2119 299 2159 est,
334 2125 406 2149 nec
445 2111 598 2149 interim
639 2118 768 2160 potest
803 2110 1016 2160 quicquam
1056 2123 1136 2147 non
1176 2110 1296 2147 modo
1330 2107 1446 2146 statui
1485 2108 1554 2145 sed

273 2227 292 2255 4
316 2219 502 2254 sequentur
519 2213 575 2243 M:
602 2218 853 2253 consequentur
870 2212 898 2243 C
1030 2214 1051 2242 6
1075 2212 1133 2253 ad]
1152 2213 1207 2251 qui
1224 2211 1274 2242 vel
1287 2221 1373 2250 quae
1384 2210 1553 2241 Schmidt:

229 2270 271 2290 an
299 2259 453 2290 Starker:
489 2263 524 2287 ut
551 2258 628 2287 coni.
655 2257 794 2287 Muller:
829 2257 926 2287 adest
953 2255 1038 2286 Reid
1176 2255 1252 2286 finis
1278 2254 1351 2285 M¹:
1387 2255 1487 2284 finem
1510 2254 1559 2283 FI

229 2303 317 2343 vulg.
458 2312 474 2340 7
499 2302 656 2340 quoidam
684 2301 784 2330 Klotz
807 2299 881 2339 (sed
900 2300 928 2329 is
951 2299 1118 2337 cuidam):
1154 2298 1289 2338 quidam
1307 2297 1383 2327 Ml:
1417 2298 1552 2336 quidem

228 2345 306 2376 M2:
342 2345 541 2384 quibusdam
574 2344 649 2374 Vict.
811 2353 850 2373 10
875 2343 1009 2373 fuissem
1028 2343 1140 2372 Baiter
1296 2343 1336 2371 18
1359 2346 1449 2371 esset
1473 2340 1550 2370 coni.

235 2389 441 2428 Il‘csenbm‘g:
466 2393 518 2418 est
537 2387 577 2416 M
712 2397 749 2423 19
772 2387 864 2425 quasi
885 2387 973 2425 εὐημ.
995 2387 1165 2426 L(mm'g.]]
1183 2397 1189 2415 :
1214 2385 1300 2424 εὐημ.
1317 2384 1413 2424 quasi
1431 2383 1518 2414 codd.
