1742 2651
153 503 170 535 5

131 833 170 855 10

601 122 711 157 EPP.
745 122 822 157 AD
854 119 1113 158 ATTICVM
1432 122 1526 158 XII.

246 234 358 270 Haec
390 233 440 269 ad
474 239 510 269 te
546 246 632 270 mea
665 246 794 270 manu.
855 232 968 277 Vide,
1000 246 1159 281 quaeso,
1193 233 1288 282 quid
1322 234 1519 282 agendum

189 296 247 334 sit.
307 296 474 334 Publilia
503 298 554 335 ad
585 311 647 335 me
677 296 829 347 scripsit
860 306 1022 334 matrem
1052 311 1172 341 suam,
1203 302 1318 336 ”lcum
1352 298 1520 336 Publilio

188 363 447 411 loqueretur†‚
481 363 531 400 ad
567 376 629 400 me
662 376 750 400 cum
787 362 852 400 illo
884 370 1087 400 venturam
1123 371 1160 400 et
1193 376 1233 401 56
1266 376 1354 408 una,
1387 363 1417 400 si
1447 378 1520 413 ego

189 435 349 476 paterer.
409 428 504 465 Orat
535 427 666 465 multis
696 435 733 465 et
763 427 1005 477 supplicibus
1035 427 1162 466 verbis
1192 436 1233 465 ut
1263 427 1376 466 liceat
1408 436 1445 466 et
1479 436 1521 466 ut

190 491 263 529 sibi
298 491 518 530 rescribam.
581 494 659 529 Res
699 506 817 541 quam
858 494 1022 530 molesta
1061 492 1109 530 sit
1141 492 1260 530 vides.
1322 493 1519 543 Rescripsi

189 557 243 594 mi
263 557 380 595 etiam
401 557 553 607 gravius
571 571 655 595 esse
677 571 795 606 quam
813 565 895 594 tum
914 571 1002 594 cum
1026 557 1078 594 illi
1101 557 1283 595 dixissem
1308 571 1370 595 me
1391 560 1519 596 solum

188 635 272 659 esse
293 623 415 668 velle;
445 635 521 671 qua
544 636 582 659 re
604 623 708 659 nolle
730 635 792 659 me
814 622 889 659 hoc
912 630 1088 671 tempore
1111 635 1199 659 eam
1219 623 1270 660 ad
1292 636 1354 660 me
1375 623 1517 661 venire.

189 687 382 724 Putabam
410 686 441 724 si
469 686 564 723 nihil
592 686 875 735 rescripsissem
907 686 1011 724 illam
1034 701 1124 724 cum
1147 695 1269 725 matre
1290 696 1519 735 venturam3

189 765 294 789 nunc
329 765 408 789 non
441 760 548 801 puto.
620 752 846 800 Apparebat
878 751 982 789 enim
1019 751 1102 789 illas
1137 751 1284 789 litteras
1319 766 1399 790 non
1434 767 1519 791 esse

188 816 320 866 ipsius.
381 818 485 854 Illud
509 824 641 854 autem
667 818 775 866 quod
802 818 883 855 fore
903 817 1019 855 video
1050 817 1177 866 ipsum
1206 819 1296 855 volo
1324 817 1443 856 vitare
1470 833 1519 856 ne

187 881 274 919 illae
290 883 340 920 ad
359 895 420 919 me
437 882 605 925 veniant,
624 890 661 920 et
679 895 757 919 una
772 890 830 920 est
843 881 977 919 vitatio
994 890 1035 919 ut
1052 896 1124 931 ego
1146 885 1299 920 avolem.
1347 884 1516 929 Nollem,

185 949 255 985 sed
285 961 446 985 necesse
475 956 543 985 est.
604 949 662 985 Te
693 948 768 985 hoc
793 961 898 985 nunc
927 961 1020 997 rogo
1048 955 1090 985 ut
1117 950 1293 997 explores
1320 949 1371 986 ad
1399 962 1518 998 quam

185 1012 290 1050 diem
313 1013 376 1050 hic
397 1013 449 1050 ita
470 1012 617 1062 possim
640 1026 724 1051 esse
746 1020 787 1050 ut
810 1027 859 1051 ne
889 1013 1098 1062 opprimar.
1159 1015 1277 1063 Ages,
1300 1022 1341 1051 ut
1367 1013 1516 1061 scribis,

184 1085 409 1126 temperate.

238 1142 420 1181 Ciceroni
461 1142 576 1180 velim
616 1144 691 1180 hoc
730 1156 938 1192 proponas
980 1143 1033 1180 ita
1072 1151 1215 1189 tamen,
1257 1143 1285 1180 si
1328 1143 1397 1181 tibi
1437 1157 1517 1181 non

184 1207 362 1257 iniquum
384 1207 590 1253 videbitur,
613 1215 654 1245 ut
682 1215 860 1257 sumptus
882 1207 996 1245 huius
1018 1208 1340 1257 peregrinationis
1361 1208 1515 1258 quibus,

184 1273 214 1310 si
248 1275 401 1311 Romae
431 1280 533 1310 esset
564 1274 808 1322 domumque
837 1274 1090 1319 conduceret,
1121 1275 1229 1322 quod
1261 1275 1386 1312 facere
1418 1274 1518 1324 cogi-

184 1338 302 1385 tabat,
335 1337 446 1376 facile
487 1346 695 1376 contentus
726 1339 876 1375 futurus
907 1346 1000 1385 erat,
1030 1340 1307 1377 accommodet
1338 1340 1390 1377 ad
1422 1353 1517 1377 mer-

183 1405 300 1441 cedes
322 1403 481 1452 Argileti
505 1411 543 1441 et
565 1403 762 1449 Aventini,
779 1411 816 1440 et
841 1417 931 1440 cum
954 1403 988 1441 ei
1010 1404 1273 1453 proposueris,
1295 1404 1378 1454 ipse
1399 1405 1515 1443 velim

125 1484 137 1504 2
183 1469 332 1518 reliqua
382 1470 584 1507 moderere
633 1482 750 1518 quem
796 1470 846 1506 ad
891 1470 1055 1507 modum
1095 1483 1141 1507 ex
1181 1469 1225 1506 iis
1266 1470 1515 1508 mercedibus

182 1534 481 1584 suppeditemus
514 1534 548 1572 ei
584 1535 692 1583 quod
724 1548 823 1584 opus
855 1533 914 1571 sit.
976 1535 1189 1572 praestabo
1219 1549 1292 1573 nec
1327 1535 1514 1574 Bibulum

182 1612 254 1637 nec
286 1599 500 1637 Acidinum
526 1613 599 1637 nec
630 1600 870 1639 Messallam,
891 1612 990 1648 quos
1012 1599 1179 1637 Athenis
1205 1601 1355 1638 futuros
1380 1601 1510 1647 audio,

182 1663 347 1701 maiores
380 1672 559 1713 sumptus
595 1665 763 1701 facturos
803 1677 920 1713 quam
957 1665 1066 1713 quod
1098 1678 1143 1702 ex
1177 1664 1232 1702 eis
1266 1665 1514 1704 mercedibus

181 1729 397 1779 recipietur.
473 1731 612 1779 Itaque
642 1729 757 1768 velim
788 1729 921 1767 videas
954 1729 1121 1778 primum
1157 1731 1420 1768 conductores
1447 1731 1514 1781 qui

181 1793 257 1831 sint
285 1802 322 1832 et
350 1794 499 1844 quanti,
521 1794 666 1832 deinde
693 1802 735 1832 ut
759 1794 836 1832 sint
864 1794 931 1844 qui
957 1795 1007 1832 ad
1035 1795 1141 1832 diem
1171 1797 1323 1833 solvant
1351 1803 1388 1833 et
1416 1796 1513 1845 quid

180 1859 319 1906 viatici,
353 1860 448 1909 quid
479 1859 726 1898 instrumenti
756 1860 848 1898 satis
878 1859 936 1897 sit.
998 1861 1184 1898 Iumento
1213 1868 1316 1899 certe
1347 1861 1511 1899 Athenis

226 1974 238 1993 1
269 1963 379 2004 Haec]
409 1964 459 1993 llic
485 1964 593 2003 inczft'l
616 1970 661 2004 cp.
691 1975 731 2003 32
760 1964 854 2004 apud
875 1975 940 1994 non
966 1965 1075 1994 nullos
1098 1964 1254 1995 eddom:
1285 1969 1361 1995 scafe
1383 1976 1458 1995 cum
1483 1976 1514 1996 re

178 2007 338 2037 Publiliae
370 2008 634 2047 coniungendnnz
663 2012 707 2037 cst
850 2019 869 2038 2
893 2019 985 2039 suam
1014 2019 1088 2038 cum
1123 2009 1156 2038 P.
1189 2009 1360 2038 videretur
1389 2009 1511 2040 Klotz:

179 2061 274 2080 suam
302 2056 337 2081 ut
364 2062 437 2081 611111
469 2052 502 2082 Ρ.
534 2052 692 2090 loquerer
718 2051 889 2082 Sclmn'dt:
926 2053 1035 2091 (quasi
1069 2062 1142 2082 cum
1172 2052 1207 2082 P.
1240 2053 1445 2091 loqueretur
1477 2054 1512 2083 1'12

173 2095 360 2134 parenthesi
371 2094 455 2124 Boot
470 2107 475 2125 :
500 2105 585 2133 quae
602 2105 676 2124 cum
692 2095 728 2125 P.
742 2095 937 2134 loqueretur
955 2095 1039 2125 Reid
1125 2106 1155 2134 9.
1174 2106 1212 2126 10
1235 2106 1311 2126 6556
1325 2097 1428 2135 ipsius
1442 2107 1469 2127 v.
1485 2108 1507 2128 c.

179 2136 356 2177 L‘wargst
376 2133 418 2166 Zb
435 2150 441 2168 :
466 2139 570 2175 ipsius
589 2149 664 2169 esse
685 2139 736 2169 O:
761 2139 849 2170 illius
867 2149 942 2169 esse
960 2139 1001 2168 411
1090 2149 1123 2169 11
1152 2139 1196 2169 illi
1216 2139 1340 2177 Tyrrell
1427 2141 1508 2181 una]

180 2181 292 2211 ieiuna
323 2182 476 2212 Srlzmz'dl
666 2182 797 2212 avolem
835 2183 901 2221 (vel
934 2182 1015 2222 alio)
1057 2182 1133 2213 add.
1162 2182 1328 2223 llladvzg:
1380 2188 1414 2213 ut
1447 2194 1510 2222 ego

180 2224 293 2256 nolim.
335 2226 403 2255 Sed
424 2225 589 2255 Corradus
695 2227 799 2256 16-18
822 2227 946 2265 quibus
963 2250 969 2257 .
992 2250 998 2256 .
1019 2250 1025 2256 .
1046 2231 1119 2256 erat
1145 2227 1347 2265 transposuit
1372 2226 1513 2267 llladvtg

179 2271 216 2296 ut
238 2272 419 2307 sequantur
433 2268 592 2298 Aventini
620 2269 652 2307 (l.
685 2271 740 2310 19)
976 2280 1017 2309 25
1042 2270 1110 2300 sint
1128 2294 1135 2301 .
1155 2294 1161 2301 .
1183 2294 1189 2301 .
1209 2270 1343 2301 solvant
1360 2271 1481 2302 Lamb.
1501 2282 1509 2301 :

178 2310 220 2341 sit
238 2335 244 2341 .
266 2335 272 2341 .
295 2336 300 2342 .
318 2312 425 2342 solvat
443 2312 532 2343 codd.

1546 121 1672 157 xxxii

1543 300 1651 337 (xxxii

1544 344 1574 383 Ι)
