1742 2651
63 102 182 140 XIII.
206 102 359 138 xxxvii
575 104 628 139 M.
662 102 830 138 TVLLI
863 100 1171 139 CICERONIS

213 214 386 252 viderem
421 214 518 252 scire
553 227 682 263 regem
719 226 781 250 me
814 211 935 249 animi
971 211 1067 249 nihil
1099 210 1272 259 habere),
1308 210 1541 249 Ciceronem

169 293 194 330 3
214 293 305 318 vero
326 293 458 317 meum
480 278 606 317 vexari
625 293 631 321 ;
661 279 731 316 sed
752 277 792 315 id
814 276 976 326 quidem
996 275 1183 314 arbitratu
1203 290 1286 314 suo,
1334 276 1542 314 Laudatio-

214 358 304 382 nem
345 344 505 382 Porciae
543 344 698 393 gaudeo
730 356 793 380 me
827 350 918 380 ante
957 341 1113 380 dedisse
1154 343 1302 390 Leptae
1341 340 1543 378 tabellario

213 423 331 459 quam
354 418 438 447 tuas
459 408 678 458 acceperim
706 407 861 445 litteras.
924 408 1022 444 Eam
1054 414 1095 443 tu
1123 405 1246 456 igitur,
1271 405 1301 443 si
1333 418 1394 443 me
1421 418 1539 450 amas,

212 474 377 520 curabis,
401 474 431 511 si
455 474 575 511 modo
597 472 780 518 mittetur,
804 472 878 510 isto
900 473 1021 510 modo
1050 471 1282 509 mittendam
1307 469 1484 508 Domitio
1506 477 1542 508 et
1562 482 1579 513 5

216 541 347 577 Bruto.

167 618 194 654 4
271 606 332 642 De
369 603 660 653 gladiatoribus,
696 604 746 640 de
784 602 921 640 ceteris
961 615 1062 651 quae
1101 601 1236 639 scribis
1271 601 1540 650 ἀνεμοφόρητα,

214 669 331 708 facies
354 683 416 707 me
437 669 582 707 cotidie
603 668 819 706 certiorem.
874 667 1016 714 Velim,
1040 666 1071 705 si
1093 666 1162 704 tibi
1184 666 1346 713 videtur,
1368 667 1542 716 appelles

215 736 382 773 Balbum
417 742 455 772 et
485 734 674 773 Offilium.
734 736 796 772 De
825 733 1008 772 auctione
1042 732 1323 783 proscribenda
1357 732 1541 782 equidem

212 802 365 838 locutus
387 813 473 837 sum
495 813 585 837 cum
609 799 745 837 Balbo.
807 798 992 836 Placebat
1014 798 1127 848 (puto
1152 797 1373 846 conscripta
1398 797 1541 835 babere
1563 808 1604 831 10

212 864 386 903 Offilium
409 864 566 905 omniaz
596 864 714 901 habet
745 870 781 901 et
811 862 975 912 Balbus)
997 863 1066 900 sed
1100 862 1224 899 Balbo
1252 861 1430 911 placebat
1458 874 1542 910 pro-

211 930 403 980 pinquum
426 929 531 967 diem
560 937 597 967 et
622 931 798 969 Romae:
829 928 858 966 si
881 929 1026 967 Caesar
1048 935 1274 973 moraretur,
1295 940 1410 976 posse
1437 926 1542 964 diem

212 995 366 1034 differri.
418 996 495 1033 Sed
520 994 551 1032 is
577 993 737 1043 quidem
762 994 900 1031 adesse
922 992 1085 1031 videtur.
1143 994 1291 1030 Totum
1318 991 1431 1041 igitur
1453 1005 1543 1029 con-

213 1061 364 1108 sidera3
394 1061 521 1111 placet
542 1059 646 1098 enim
669 1059 862 1097 Vestorio.

257 1207 502 1243 XXXVIII
547 1209 615 1240 Scr.
635 1210 666 1238 1'11
690 1208 876 1239 Tusculano
892 1208 958 1238 cim.
975 1206 1061 1247 prid.
1080 1206 1165 1238 Non.
1184 1206 1271 1238 Sext.
1288 1218 1318 1237 a.
1342 1216 1399 1247 709
1418 1204 1497 1247 (45).
1567 1213 1602 1246 15
1630 1200 1637 1210 ¹

622 1297 793 1328 CICERO
823 1296 1004 1327 ATTICO
1035 1295 1140 1327 SAL.

176 1399 194 1427 1
268 1393 371 1428 Ante
402 1391 529 1428 lucem
557 1402 648 1426 cum
676 1387 885 1426 scriberem
912 1394 1048 1424 contra
1078 1386 1302 1436 Epicureos,
1327 1388 1376 1425 de
1402 1388 1543 1425 eodem

211 1457 300 1494 oleo
321 1463 358 1493 et
379 1468 497 1504 opera
525 1452 675 1492 exaravi
704 1452 837 1490 nescio
858 1451 953 1502 quid
980 1453 1031 1489 ad
1053 1459 1090 1489 te
1111 1459 1149 1489 et
1175 1460 1265 1490 ante
1288 1453 1415 1490 lucem
1437 1452 1540 1490 dedi.

214 1521 370 1559 Deinde
404 1534 494 1558 cum
528 1532 669 1557 somno
702 1517 866 1568 repetito
898 1517 1013 1555 simul
1045 1531 1134 1554 cum
1175 1519 1257 1555 sole
1297 1525 1542 1568 experrectus

212 1600 349 1631 essem,
374 1587 487 1623 datur
508 1584 561 1622 mi
583 1584 749 1633 epistula
769 1597 791 1621 a
812 1582 953 1621 sororis
975 1590 1064 1620 tuae
1087 1582 1166 1620 filio
1185 1597 1302 1632 quam
1326 1583 1449 1633 ipsam
1472 1582 1542 1621 tibi
1564 1598 1604 1619 20

214 1651 301 1689 misi
316 1666 326 1698 3
366 1650 476 1688 cuius
508 1658 565 1688 est
595 1648 830 1699 principium
862 1662 942 1685 non
973 1647 1056 1685 sine
1088 1647 1256 1686 maxima
1291 1648 1539 1686 contumelia.

214 1717 292 1754 Sed
331 1717 493 1753 fortasse
532 1717 597 1752 οὐκ
636 1715 852 1763 ἐπέστησεν.
916 1715 985 1750 Est
1024 1721 1156 1752 autem
1193 1713 1257 1757 510,
1297 1715 1404 1762 ‘Ego
1438 1712 1542 1750 0111111

213 1781 402 1832 quicquid
424 1795 503 1819 non
533 1781 632 1818 belle
654 1780 692 1817 in
719 1788 755 1818 te
776 1780 852 1818 dici
882 1788 1011 1830 potest
1033 1806 1093 1818 —.
1165 1783 1285 1818 Posse
1307 1781 1387 1817 vult
1415 1778 1453 1815 in
1482 1792 1543 1815 me

214 1849 336 1885 multa
375 1846 451 1885 dici
492 1860 571 1883 11011
607 1846 708 1883 belle
743 1847 811 1884 sed
847 1861 892 1884 ea
927 1860 968 1885 se
1007 1854 1122 1896 negat
1160 1845 1387 1895 approbare.
1449 1844 1541 1880 Hoc

213 1913 425 1962 quicquam
447 1919 539 1962 pote
564 1910 782 1961 impurius?
842 1914 925 1949 Iam
952 1919 1079 1950 cetera
1107 1914 1210 1961 leges
1233 1910 1337 1960 (misi
1358 1909 1462 1948 enim
1490 1909 1541 1946 ad
1563 1925 1599 1956 25

214 1978 267 2028 te)
289 1977 571 2026 iudicabisque.
634 1977 743 2015 Bruti
770 1977 890 2015 nostri
913 1977 1120 2016 cotidianis
1140 1975 1395 2025 adsiduisque
1422 1973 1543 2012 laudi-

1100 1783 1107 1797 ἲ

257 2093 276 2121 5
300 2082 440 2112 alterum
458 2083 557 2111 modo
574 2082 632 2113 dcl.
656 2083 741 2113 Reid
883 2093 899 2121 7
926 2086 1000 2112 mile
1016 2082 1134 2112 scribis
1151 2081 1225 2111 add.
1247 2086 1280 2110 ut
1300 2079 1385 2109 Reid
1506 2090 1543 2109 10

215 2126 373 2156 Placebat
390 2150 396 2156 .
418 2149 425 2155 .
445 2149 452 2155 .
475 2126 595 2158 Balbo]
617 2127 660 2156 im
679 2127 877 2166 inlcaptmxit
898 2126 1022 2157 Tvrrell
1155 2135 1191 2154 12
1217 2134 1315 2163 posse
1333 2123 1381 2153 Z:
1408 2133 1542 2161 possem

216 2169 332 2200 ORP:
364 2180 464 2208 posse
492 2170 523 2198 in
553 2169 607 2199 Ms-
695 2171 784 2200 diem
813 2168 969 2204 ZO¹RR
994 2169 1032 2208 cf.
1066 2167 1242 2198 Lehmann
1272 2167 1375 2197 ‘Ata’
1396 2171 1430 2206 p.
1462 2167 1540 2204 138:

214 2214 303 2243 diem
321 2214 409 2243 diem
430 2213 555 2244 Δ1150·’ῑ
593 2214 624 2243 111
651 2213 738 2244 diem
759 2225 801 2244 ex
823 2214 878 2243 dic
903 2212 1026 2242 fllz'illcr
1045 2212 1112 2242 coll.
1133 2212 1227 2242 Brut.
1249 2211 1279 2241 ii.
1303 2221 1327 2240 1.
1351 2221 1364 2240 1
1500 2219 1542 2238 22

215 2256 320 2296 enim]
339 2257 475 2286 minime
492 2259 572 2287 coni.
594 2258 694 2287 Orelli
822 2267 863 2295 23
885 2260 958 2297 post
974 2260 1086 2295 potest
1104 2255 1294 2295 absmptum
1310 2265 1375 2283 csse
1390 2253 1542 2293 approbo

215 2302 264 2330 vel
276 2301 419 2330 consulto
435 2301 595 2331 omissum
608 2304 703 2339 palat
719 2299 821 2330 Orelli
950 2309 990 2338 25
1015 2299 1110 2339 pote]
1130 2303 1240 2338 potest
1257 2308 1334 2328 esse
1351 2296 1372 2326 I
1501 2296 1544 2325 26

216 2345 445 2383 iudicabisque
467 2345 560 2374 Bruti
582 2343 767 2383 [Vescnbetg
