1742 2651
84 83 168 119 XV.
186 81 232 118 iv
592 81 647 118 M.
679 81 847 117 TVLLI
879 80 1185 118 CICERONIS

217 193 343 239 crede,
386 191 609 242 puerilibus.
681 190 822 229 Excisa
864 189 969 228 enim
1014 198 1071 227 est
1111 189 1235 236 arbor,
1277 203 1357 227 non
1401 191 1543 228 evulsa.

220 259 359 306 Itaque
390 270 508 306 quam
539 255 740 293 fruticetur
769 255 888 293 vides.
950 255 1176 293 Redeamus
1206 254 1330 304 igitur,
1358 254 1545 304 quoniam

218 336 335 371 saepe
365 334 538 370 usurpas,
563 321 613 358 ad
634 322 880 358 Tusculanas
910 319 1209 369 disputationes.
1268 319 1468 358 Saufeium
1496 321 1546 358 de

218 394 256 424 te
287 388 484 432 celemus3
523 398 596 434 ego
628 398 846 434 numquam
881 384 1079 422 indicabo.
1139 385 1259 432 Quod
1291 392 1328 422 te
1366 397 1389 421 a
1424 386 1546 422 Bruto

218 451 364 497 scribis,
388 458 429 487 ut
459 449 599 487 certior
626 450 734 487 fieret
755 462 834 498 quo
861 449 926 487 die
952 449 992 486 in
1013 450 1283 486 Tusculanum
1311 461 1436 486 essem
1458 462 1546 486 ven-
1567 484 1576 492 ι

219 524 341 561 turus,
361 523 403 552 ut
429 516 479 553 ad
506 522 544 552 te
570 523 661 552 ante
689 513 892 563 scripsi>V1
923 515 1024 561 Kal„
1049 521 1086 551 et
1107 513 1267 562 quidem
1295 512 1347 550 ibi
1370 520 1407 550 te
1428 527 1545 562 quam

220 580 388 630 primum
410 593 477 629 per
494 579 625 617 videre
646 578 775 617 velim.
835 580 936 616 Puto
956 577 1061 616 enim
1083 577 1197 616 nobis
1214 577 1435 615 Lanuvium
1457 591 1547 614 eun-

220 647 315 683 dum
337 652 374 682 et
395 644 555 694 quidem
577 657 657 681 non
679 643 762 681 sine
784 644 908 681 multo
929 656 1121 681 sermone.
1179 643 1257 680 Sed
1277 643 1444 692 μελήσει.

176 719 200 754 3
276 711 414 748 Redeo
440 710 492 747 ad
521 708 771 758 superiorem.
833 710 891 745 Ex
921 721 998 757 qua
1027 714 1227 757 praetereo
1257 707 1321 744 illa
1348 706 1471 756 prima
1498 707 1547 744 de

222 774 460 821 Buthrotiis3
491 787 591 823 quae
611 776 621 792 ‘
640 773 735 811 mihi
763 780 853 810 sunt
878 772 1027 810 inclusa
1055 771 1260 818 medullis‚'
1282 771 1329 809 sit
1351 773 1482 818 modo,
1506 779 1547 808 ut

220 840 365 887 scribis,
389 841 498 877 locus
525 839 679 889 agendi.
740 840 800 876 De
825 838 1001 875 oratione
1024 837 1132 875 Bruti
1157 851 1312 887 prorsus
1341 837 1548 875 contendis

220 919 341 956 quom
362 905 501 943 iterum
521 912 601 942 tam
624 904 755 941 multis
776 903 902 941 verbis
923 903 1016 953 agis.
1067 905 1204 952 Egone
1225 910 1266 940 ut
1283 916 1369 940 eam
1391 916 1548 940 causam

219 984 338 1020 quam
366 969 396 1008 is
424 969 606 1019 scripsit?
638 982 711 1018 ego
738 968 904 1006 scribam
936 981 1016 1005 non
1044 975 1200 1017 rogatus
1229 967 1280 1005 ab
1307 968 1384 1005 eo?
1432 968 1550 1004 Nulla

220 1036 504 1088 παρεγχείρησις
551 1033 632 1072 fieri
680 1040 809 1083 potest
858 1032 1192 1070 contumeliosior.
1272 1033 1371 1069 ‘At’
1419 1031 1549 1081 inquis

224 1101 522 1151 ιἹῆΙροικλείδειον
558 1099 744 1148 aliquod.’
812 1099 905 1135 Non
949 1111 1086 1136 recuso
1125 1097 1164 1135 id
1199 1097 1373 1147 quidem,
1405 1098 1473 1135 sed
1513 1104 1550 1134 et
1593 1110 1606 1138 ,-

223 1166 545 1216 componendum
573 1170 846 1214 argumentum
874 1170 931 1200 est
956 1170 993 1200 et
1020 1161 1217 1200 scribendi
1243 1163 1550 1212 exspectandum

224 1239 379 1280 tempus
417 1229 614 1268 maturius.
680 1228 790 1265 Licet
829 1227 934 1264 enim
969 1228 1018 1265 de
1058 1240 1121 1264 me
1155 1234 1197 1264 ut
1230 1226 1325 1264 libet
1356 1225 1551 1264 existimes

227 1295 359 1346 (velim
387 1295 547 1345 quidem
576 1307 694 1344 quam
724 1291 900 1343 optime),
925 1291 955 1329 si
981 1293 1077 1329 haec
1102 1291 1154 1329 ita
1180 1298 1341 1329 manant
1361 1298 1403 1328 ut
1423 1290 1553 1328 viden-

227 1369 288 1399 tur
320 1362 434 1411 (feres
466 1361 574 1410 quod
605 1359 764 1409 dicam),
798 1371 860 1395 me
897 1358 991 1395 Idus
1028 1356 1194 1394 Martiae
1228 1370 1309 1394 non
1343 1357 1550 1394 delectant.

230 1427 301 1464 Ille
328 1425 432 1464 enim
466 1437 681 1474 numquam
714 1422 942 1468 revertisset,
967 1435 1038 1459 nos
1069 1422 1184 1459 timor
1213 1422 1443 1459 confirmare
1470 1419 1553 1458 eius

227 1499 314 1529 acta
351 1504 431 1528 non
470 1489 671 1539 coegisset,
703 1495 785 1535 aut,
811 1495 853 1525 ut
887 1487 926 1524 in
966 1486 1096 1525 Saufei
1135 1500 1221 1524 eam
1256 1485 1554 1535 relinquamque

227 1558 472 1594 Tusculanas
499 1554 784 1604 disputationes
811 1554 861 1591 ad
889 1566 985 1602 quas
1013 1561 1053 1590 tu
1079 1552 1196 1590 etiam
1216 1551 1442 1589 Vestorium
1470 1551 1554 1588 hor-

228 1622 328 1667 teu-is,
355 1621 408 1659 ita
427 1619 583 1670 gratiosi
605 1633 757 1657 eramus
779 1619 884 1668 apud
907 1618 1014 1655 illum
1038 1618 1173 1666 (quem
1194 1616 1234 1654 di
1255 1624 1453 1653 mortuum
1473 1629 1555 1665 per-

228 1686 342 1724 duint
359 1686 383 1735 !)
417 1693 459 1723 ut
489 1693 643 1722 nostrae
672 1684 800 1730 aetati,
824 1683 1012 1733 quoniam
1034 1683 1238 1720 interfecto
1260 1681 1424 1719 domino
1444 1680 1554 1718 liberi

231 1765 311 1788 non
332 1764 477 1796 sumus,
493 1764 573 1787 non
595 1749 707 1787 fuerit
723 1748 909 1787 dominus
930 1748 993 1785 ille
1015 1747 1232 1797 fugiendus.
1289 1746 1444 1792 Rubeo,
1459 1744 1555 1782 mihi
1601 1760 1611 1766 ·

231 1817 357 1861 crede,
381 1816 450 1853 sed
471 1814 547 1852 iam
569 1814 821 1863 scripseram3
850 1815 981 1851 delere
1001 1813 1120 1850 nolui.

187 1894 213 1930 4
288 1883 349 1918 De
386 1881 626 1918 Menedemo
663 1880 804 1917 vellem
838 1892 973 1916 verum
1011 1878 1157 1923 fuisset,
1190 1878 1240 1915 de
1278 1876 1410 1926 regina
1440 1874 1554 1913 velim

271 1995 301 2023 3,
322 1996 340 2023 4
367 1985 408 2014 de
426 1988 458 2014 te
475 1984 627 2024 Popula:
662 1989 740 2022 pete
757 1983 797 2013 M
814 1994 819 2013 :
848 1983 889 2012 de
909 1993 943 2012 re
962 1982 1079 2013 Lamla.
1097 1994 1104 2013 ι
1131 1987 1210 2021 peto
1231 1980 1420 2012 Corradus:
1446 1990 1506 2018 per
1523 1983 1555 2008 te

228 2028 349 2058 Bosins
494 2038 513 2065 4
538 2032 570 2057 te
596 2026 629 2066 a]
657 2028 698 2057 de
728 2026 886 2057 Graevius
1056 2029 1133 2066 post
1160 2025 1266 2055 Bruto
1293 2023 1368 2053 add.
1402 2028 1555 2060 rogatum

234 2070 441 2110 lVesenlletg:
478 2071 588 2109 rogari
615 2071 690 2101 add.
719 2071 778 2100 alii
907 2079 925 2108 5
965 2070 997 2099 in
1016 2069 1244 2099 Tusculanum
1266 2077 1375 2097 essem
1393 2070 1556 2095 venturus

230 2115 311 2145 Ant.
331 2114 552 2153 Fctfmmsse
567 2113 607 2146 Z.
625 2114 662 2153 cf.
687 2113 756 2144 Cal.
775 2113 857 2143 Μαί.
877 2117 891 2150 ξ
913 2124 948 2151 71
970 2113 1028 2142 ubt'
1047 2112 1110 2142 cod.
1129 2111 1226 2141 Harl.
1247 2111 1330 2140 2682
1347 2109 1405 2138 dat
1425 2109 1556 2138 futurus

225 2163 285 2198 pro
301 2159 432 2197 vulgwm
448 2163 609 2187 venturus
625 2169 632 2188 ε
657 2158 690 2187 in
707 2157 933 2187 Tusculanum
952 2166 1063 2186 essem
1081 2155 1212 2185 futurus
1230 2153 1287 2183 M:
1313 2154 1346 2183 in
1364 2152 1556 2182 Tusculano

231 2212 340 2231 essem
369 2201 499 2231 futurus
523 2200 639 2230 Baiter
773 2211 811 2230 10
847 2200 946 2229 ‘mihi
966 2223 972 2230 .
990 2224 997 2230 .
1019 2224 1025 2230 .
1048 2198 1221 2228 medullis'
1240 2208 1278 2226 ex
1301 2200 1394 2236 pocla
1421 2199 1556 2235 sumpla

231 2256 294 2274 csse
315 2248 413 2284 putat
442 2243 564 2283 Tyrrell
699 2253 736 2282 15
761 2243 885 2281 aliquid
909 2242 1101 2282 ll'cscnlnvg
1241 2241 1277 2270 18
1303 2244 1439 2269 manent
1468 2239 1556 2268 Crat.

232 2299 274 2318 ρο
305 2292 379 2318 ante
411 2298 593 2325 numquam
626 2287 701 2318 add.
737 2292 795 2317 aut
826 2286 948 2316 Scln'il:
1047 2296 1083 2315 21
1114 2288 1188 2325 post
1220 2283 1333 2314 Saufei
1367 2282 1555 2312 addendmn

231 2332 351 2370 αἵρεσιν
364 2334 461 2371 putat
476 2330 597 2361 Rosius
608 2331 658 2362 vel
671 2331 776 2361 simile
792 2329 873 2370 quid
950 2330 1204 2368 relinquamque
1221 2328 1343 2357 Rosius
1360 2337 1367 2356 ε
1392 2326 1555 2364 reliquam

230 2386 295 2413 que
314 2375 352 2405 M
