1742 2651
125 530 141 561 5

107 856 145 878 10

107 1510 146 1531 20

107 2161 146 2191 30

583 144 694 181 EPP.
728 144 804 179 AD
835 141 1095 179 ATTICVM
1428 139 1498 175 XI.
1523 148 1584 173 xv

162 256 267 295 enim
295 256 347 294 ita
368 256 520 294 videtur
541 255 827 293 Alexandream
850 261 981 291 tenere
1002 259 1044 289 ut
1064 265 1154 289 eum
1180 250 1347 288 scribere
1372 249 1488 288 etiam

162 323 308 372 pudeat
335 323 385 360 de
415 321 489 358 illis
516 321 642 367 rebus,
671 320 710 357 111
739 327 870 357 001601
901 333 946 356 ex
974 317 1106 354 Africa
1136 316 1212 354 iam
1242 315 1412 353 adfuturi
1440 315 1490 352 vi-

162 388 316 432 dentur,
346 385 520 431 Achaici,
556 385 649 423 item
688 399 734 422 ex
768 383 862 421 Asia
901 381 1060 420 redituri
1091 382 1142 419 ad
1173 394 1240 419 eos
1269 388 1336 418 aut
1366 380 1489 417 libero

162 451 294 501 aliquo
311 453 399 489 loco
416 449 705 489 commoraturi.
757 449 865 497 Quid
887 447 981 486 mihi
999 447 1113 497 igitur
1129 453 1242 496 putas
1263 446 1459 495 agendum
1475 446 1490 482 ?

162 516 292 554 Video
322 516 479 554 difficile
509 530 594 554 esse
623 515 842 554 consilium.
907 515 1000 551 Sum
1032 511 1137 550 enim
1168 513 1273 549 solus
1303 518 1370 548 aut
1399 523 1488 548 cum

161 582 283 618 altero
318 581 380 618 cui
416 594 545 630 neque
583 581 634 619 ad
672 580 758 618 illos
797 578 943 617 reditus
978 577 1025 615 sit
1057 590 1187 626 neque
1221 576 1271 614 ab
1307 576 1365 613 his
1397 575 1489 625 ipsis

162 646 375 695 quicquam
410 647 460 684 ad
499 660 610 696 spem
650 646 887 684 ostendatur.
949 644 1027 681 Sed
1066 650 1199 680 tamen
1239 641 1335 680 scire
1374 640 1489 678 velim

163 711 259 760 quid
287 725 447 749 censeas
464 726 472 757 3
507 711 626 761 idque
656 718 736 749 erat
763 724 853 748 cum
882 708 967 747 aliis
996 722 1065 746 cur
1094 715 1142 755 te,
1172 707 1203 745 si
1234 707 1314 745 fieri
1345 714 1488 756 posset,

164 789 348 825 cuperem
373 776 515 814 videre.

221 840 443 878 Minucium
478 845 542 878 ffi
571 843 654 879 sola
688 854 843 879 curasse
872 839 1007 889 scripsi
1035 840 1086 878 ad
1117 846 1154 877 te
1183 845 1308 876 antea.
1369 837 1490 886 Quod
1510 847 1534 873 2

164 914 340 955 superest
367 906 484 944 velim
509 906 642 944 videas
667 914 709 944 ut
730 914 893 944 curetur.
955 904 1128 953 Quintus
1154 917 1233 941 non
1262 903 1384 941 modo
1411 915 1490 940 non

165 985 255 1009 cum
278 985 419 1021 magna
439 985 554 1021 prece
575 973 625 1010 ad
647 985 710 1009 me
734 973 803 1010 sed
823 970 1074 1009 acerbissime
1096 969 1260 1018 scripsit,
1280 968 1381 1006 filius
1401 981 1493 1005 vero

165 1037 331 1075 mirifico
365 1037 469 1075 odio.
542 1037 651 1074 Nihil
690 1036 782 1087 fingi
821 1043 949 1086 potest
985 1035 1076 1073 mali
1111 1049 1190 1085 quo
1230 1048 1310 1073 non
1345 1047 1489 1083 urgear.

165 1102 312 1140 Omnia
352 1111 484 1140 tamen
524 1110 614 1140 sunt
653 1101 826 1140 faciliora
863 1114 982 1151 quam
1017 1099 1168 1150 peccati
1208 1101 1320 1138 dolor
1355 1098 1421 1148 qui
1456 1106 1493 1136 61

127 1183 141 1212 ;
165 1167 357 1205 maximus
392 1175 451 1205 est
481 1175 519 1206 et
550 1175 740 1206 aeternus.
801 1166 924 1205 Cuius
958 1165 1109 1216 peccati
1141 1164 1172 1202 si
1207 1164 1335 1202 socios
1367 1177 1492 1202 essem

164 1232 368 1271 habiturus
389 1247 462 1283 ego
483 1246 583 1282 quos
604 1231 747 1282 putavi,
771 1239 902 1269 tamen
923 1237 1025 1269 esset
1046 1244 1092 1268 ea
1112 1229 1331 1268 consolatio
1352 1228 1490 1267 tenuis.

164 1297 243 1336 Sed
264 1298 383 1336 habet
403 1298 569 1336 aliorum
594 1297 772 1336 omnium
794 1296 890 1334 ratio
910 1295 1068 1342 exitum,
1093 1308 1180 1333 mea
1200 1296 1362 1332 nullum.
1416 1293 1493 1331 Alii

164 1362 278 1412 capti,
305 1363 369 1400 alii
400 1362 598 1401 interclusi
632 1376 713 1400 non
743 1361 905 1399 veniunt
935 1360 973 1398 in
1003 1360 1171 1398 dubium
1201 1361 1251 1398 de
1280 1361 1494 1399 voluntate,

164 1442 212 1466 eo
240 1428 369 1466 minus
396 1429 544 1467 scilicet
565 1442 655 1467 cum
683 1442 724 1466 se
748 1425 989 1477 expedierint
1010 1433 1048 1463 et
1068 1439 1148 1463 una
1171 1438 1256 1463 esse
1280 1424 1490 1474 coeperint.

167 1494 201 1532 Ii
227 1502 359 1533 autem
387 1494 460 1544 ipsi
492 1494 558 1544 qui
588 1508 658 1532 sua
686 1495 887 1531 voluntate
916 1493 966 1530 ad
995 1491 1151 1529 Fufium
1178 1498 1368 1529 venerunt
1397 1489 1493 1527 nihil

164 1568 331 1610 possunt
372 1560 445 1598 nisi
485 1560 613 1599 timidi
656 1558 875 1598 existimari.
949 1556 1066 1595 Multi
1108 1564 1241 1594 autem
1284 1563 1375 1593 sunt
1413 1554 1491 1604 qui,

165 1639 419 1675 quocumque
451 1626 573 1664 modo
602 1626 653 1663 ad
683 1625 770 1662 illos
800 1637 841 1661 56
871 1622 1043 1672 recipere
1073 1623 1217 1667 volent,
1246 1619 1490 1670 recipientur.

166 1691 259 1739 Quo
288 1690 419 1728 minus
449 1691 572 1729 debes
602 1689 729 1728 mirari
760 1703 840 1727 non
872 1701 987 1737 posse
1019 1700 1082 1725 016
1112 1694 1222 1724 10010
1251 1685 1378 1724 dolori
1407 1685 1495 1723 resi-

165 1764 275 1794 stere.
336 1756 464 1795 Solius
494 1756 600 1794 enim
632 1769 763 1793 meum
792 1761 999 1804 peccatum
1029 1751 1167 1801 corrigi
1195 1764 1275 1789 non
1302 1758 1430 1801 potest
1457 1757 1496 1788 et

165 1823 327 1859 fortasse
356 1820 474 1859 Laeli.
539 1821 617 1859 Sed
649 1820 745 1870 quid
777 1833 840 1858 me
871 1819 911 1857 10
940 1819 1071 1856 levat?
1120 1818 1224 1854 Nam
1260 1817 1303 1855 C.
1334 1815 1494 1866 quidem

166 1887 347 1926 Cassium
368 1887 477 1925 aiunt
498 1885 707 1925 consilium
728 1885 1016 1923 Alexandream
1039 1882 1159 1921 eundi
1180 1881 1401 1919 mutavisse.

220 1953 334 1990 Haec
360 1953 411 1990 ad
437 1960 474 1990 te
501 1951 642 1997 scribo,
665 1964 746 1988 non
771 1957 813 1988 ut
834 1954 988 1999 ’tquern
1011 1956 1118 1986 tuam
1141 1948 1335 1986 demere†
1356 1946 1495 1984 sollici-
1514 1953 1538 1990 3

166 2017 344 2056 tudinem
375 2018 445 2055 sed
472 2024 514 2054 ut
541 2029 779 2066 cognoscam
809 2014 952 2064 ecquid
984 2022 1024 2052 tu
1054 2014 1105 2051 ad
1137 2026 1182 2051 ea
1211 2013 1362 2050 adferas
1394 2025 1495 2061 quae

168 2096 231 2120 me
258 2082 499 2127 conficiunt;
526 2082 577 2119 ad
603 2093 704 2130 quae
729 2093 848 2129 gener
876 2079 1030 2117 accedit
1057 2086 1095 2116 et
1120 2085 1249 2116 cetera
1275 2090 1375 2127 quae
1402 2078 1495 2114 fletu

168 2147 356 2198 reprimor
389 2161 438 2185 ne
477 2146 656 2185 scribam.
719 2145 828 2193 Quin
867 2144 984 2183 etiam
1017 2143 1165 2193 Aesopi
1200 2143 1301 2181 filius
1341 2156 1403 2180 me
1437 2156 1497 2180 ex-

213 2253 252 2283 16
276 2252 354 2294 ego]
375 2261 435 2283 eos
453 2249 623 2282 Corradus
713 2260 753 2279 ea
770 2248 843 2279 M22
869 2260 936 2279 om.
956 2247 1010 2277 Μ1
1146 2258 1185 2286 27
1210 2258 1310 2286 quem
1333 2252 1422 2277 tuam
1441 2246 1496 2276 de-

168 2306 260 2327 mere
280 2296 341 2327 M:
366 2306 486 2335 queam
501 2300 590 2325 tuam
605 2294 740 2324 demere
754 2304 781 2324 v.
796 2304 817 2323 c.
832 2304 839 2322 :
863 2302 969 2331 queas
986 2297 1021 2321 tu
1035 2292 1171 2321 demere
1189 2291 1241 2320 M<
1256 2298 1379 2330 marg.)
1393 2291 1497 2329 vulg:

168 2351 272 2379 queas
289 2345 324 2370 tu
341 2350 447 2369 meam
467 2341 604 2369 demere
627 2336 836 2375 lVesenbm‘g:
859 2346 982 2375 querar
1004 2340 1117 2365 tecum
1143 2335 1186 2365 de
1205 2345 1279 2364 mea
1298 2343 1385 2369 tcum
1409 2334 1498 2363 solli-

168 2384 331 2413 citudine*
351 2382 478 2414 lllc'iller.
499 2393 573 2412 cnm
591 2387 626 2411 ut
642 2381 697 2411 vix
713 2380 797 2410 idem
814 2381 855 2410 sit
871 2390 908 2409 αι’
921 2389 1002 2417 quo,
1021 2379 1056 2417 cf
1077 2379 1108 2408 ii.
1128 2387 1178 2416 25.
1202 2388 1213 2407 1
1232 2388 1238 2407 τ
1254 2377 1336 2417 sort.
1356 2387 1497 2415 augeam

169 2433 259 2458 tuam
277 2428 319 2457 de
337 2437 389 2456 me
