1742 2651
147 115 216 152 IX.
235 115 350 152 xiiiA
636 115 691 152 M.
723 115 891 152 TVLLI
924 115 1228 154 CICERONIS

484 273 723 311 ‘CAESAR
753 273 920 310 OPPIO
952 272 1245 311 CORNELIO
1276 273 1386 309 SAL.

319 354 365 390 A.
390 354 425 391 d.
450 365 504 390 Vll
530 355 625 391 Idus
650 354 810 391 Martias
834 354 1086 392 Brundisium
1108 353 1207 399 veni,
1226 355 1277 391 ad
1295 367 1449 391 murum
1470 361 1593 391 castra

264 417 387 465 posui.
450 418 661 467 Pompeius
690 426 748 456 est
770 419 963 457 Brundisi.
1025 418 1134 456 Misit
1163 419 1214 456 ad
1245 431 1307 455 me
1339 419 1387 456 N.
1416 417 1592 467 Magium

265 482 314 518 de
344 495 451 530 pace.
513 484 626 531 Quae
647 483 728 521 visa
749 492 839 522 sunt
866 484 1063 534 respondi.
1125 485 1218 521 Hoc
1238 496 1307 520 vos
1335 482 1465 520 statim
1495 482 1592 520 scire

263 546 378 584 volui.
440 548 574 595 Quom
605 548 644 585 in
674 562 784 598 spem
806 562 949 587 venero
976 550 1026 586 de
1047 547 1336 598 compositione
1356 547 1505 597 aliquid
1529 560 1592 584 me
1611 557 1628 588 5

264 613 469 659 conficere,
494 613 624 651 statim
645 627 714 652 vos
739 614 921 652 certiores
943 613 1107 652 faciam.'

221 688 245 715 2
319 678 412 725 Quo
433 679 554 716 modo
576 692 638 716 me
659 692 766 717 nunc
786 687 910 728 putas,
935 679 987 716 mi
1009 679 1162 724 Cicero,
1179 678 1362 728 torqueri,
1380 685 1590 728 postquam

264 754 392 779 rursus
414 742 452 779 in
474 756 584 792 spem
606 743 712 792 pacis
734 743 833 790 veni,
857 758 905 782 ne
926 758 1004 793 qua
1024 757 1083 781 res
1104 757 1239 781 eorum
1261 742 1589 793 compositionem

263 805 481 856 impediat?
548 809 732 858 Namque
771 810 879 858 quod
922 810 1064 847 absens
1112 810 1239 846 facere
1280 821 1441 858 possum
1481 815 1586 858 opto.

264 871 385 918 Quod
423 871 453 909 si
493 886 571 910 una
609 887 747 920 essem,
783 873 932 923 aliquid
966 875 1128 911 fortasse
1163 873 1352 923 proficere
1385 886 1501 923 posse
1536 872 1588 910 mi
1612 887 1651 909 10

262 934 421 974 viderer.
483 938 601 975 Nunc
630 937 921 987 exspectatione
950 938 1112 976 crucior.

303 1099 409 1133 XIV
529 1101 596 1133 Ser.
618 1103 650 1133 ιἰι
669 1102 852 1134 Formiano
868 1103 924 1134 111'1'1'
938 1104 980 1134 K.
1001 1104 1085 1144 Apr.
1103 1115 1132 1134 (ι.
1156 1114 1210 1143 705
1228 1106 1313 1144 (49).

679 1198 854 1229 CICERO
879 1199 1050 1229 ATTICO
1076 1199 1172 1230 SAL.

225 1283 241 1309 1
317 1275 502 1313 Miseram
523 1277 575 1314 ad
595 1284 633 1315 te
654 1289 743 1314 VIIII
777 1279 825 1315 K.
849 1279 1070 1327 exemplum
1099 1277 1290 1327 epistulae
1316 1277 1427 1315 Balbi
1450 1278 1502 1315 ad
1523 1290 1586 1314 me

259 1347 296 1376 et
328 1341 505 1378 Caesaris
535 1343 585 1379 ad
616 1356 718 1380 eum.
791 1344 896 1380 Ecce
917 1342 987 1380 tibi
1009 1343 1151 1380 eodem
1179 1343 1244 1380 die
1273 1344 1409 1392 Capua
1436 1342 1582 1380 litteras
1607 1356 1644 1388 15

256 1405 391 1454 accepi
422 1406 474 1442 ab
504 1408 553 1454 Q.
582 1406 706 1444 Pedio
743 1407 952 1445 Caesarem
980 1409 1030 1445 ad
1059 1421 1099 1445 se
1133 1407 1257 1457 pridie
1292 1408 1387 1445 Idus
1421 1406 1583 1444 Martias

257 1471 332 1508 boc
353 1472 533 1520 exemplo
553 1486 558 1508 :

310 1540 317 1554 ⁶
338 1536 551 1585 Pompeius
573 1550 613 1575 se
635 1537 784 1587 oppido
806 1545 922 1575 tenet.
985 1539 1069 1576 Nos
1094 1539 1145 1576 ad
1172 1546 1302 1588 portas
1324 1546 1448 1576 castra
1468 1538 1585 1576 habe-

256 1614 353 1638 mus.
415 1602 617 1640 Conamur
637 1616 736 1652 opus
754 1616 940 1653 magnum
962 1611 999 1641 et
1022 1605 1233 1642 multorum
1254 1603 1405 1641 dierum
1427 1611 1584 1653 propter

255 1665 503 1704 altitudinem
526 1667 651 1705 maris.
712 1669 790 1706 Sed
820 1676 951 1706 tamen
977 1668 1073 1706 nihil
1098 1677 1155 1706 est
1183 1670 1291 1718 quod
1316 1668 1444 1718 potius
1471 1668 1584 1706 sacia-
1605 1682 1644 1704 20

256 1744 354 1769 mus.
413 1733 477 1770 Ab
499 1740 664 1781 utroque
685 1741 819 1782 portus
841 1747 962 1772 cornu
985 1736 1107 1771 moles
1129 1734 1302 1780 iacimus,
1326 1741 1367 1771 ut
1386 1741 1453 1771 aut
1474 1733 1582 1772 illum

256 1810 374 1846 quam
396 1797 564 1846 primum
586 1797 746 1836 traicere
767 1800 876 1848 quod
897 1799 1015 1836 habet
1047 1798 1230 1837 Brundisi
1251 1798 1451 1849 copiarum
1472 1812 1584 1849 coga-

257 1874 343 1898 mus
363 1869 429 1899 aut
450 1862 553 1900 exitu
575 1863 878 1912 prohibeamus.'

212 1932 237 1960 2
310 1923 387 1961 Vbi
417 1932 475 1962 est
505 1925 569 1963 illa
600 1939 674 1975 pax
708 1928 758 1964 de
791 1940 868 1976 qua
900 1928 1045 1965 Balbus
1077 1926 1280 1976 scripserat
1311 1926 1480 1976 torqueri
1510 1928 1583 1965 se?

256 1989 411 2037 Ecquid
450 1990 639 2037 acerbius,
681 1991 824 2040 ecquid
866 1991 1094 2029 crudelius?
1169 1994 1300 2041 Atque
1344 2005 1433 2030 eum
1473 1992 1580 2041 loqui
1603 2006 1640 2037 25

254 2053 415 2102 quidam
454 2056 668 2096 ‹2560›er
713 2056 892 2094 narrabat
932 2057 1004 2095 Cn.
1048 2056 1252 2103 Carbonis,
1295 2058 1350 2094 Μ.
1393 2057 1501 2094 Bruti
1540 2070 1581 2095 se

301 2169 312 2188 Ι
340 2168 584 2196 CORNELIOQVE
624 2160 798 2191 Petrmrlm
839 2161 952 2191 codices
984 2161 1191 2201 Malaspinae
1228 2161 1261 2191 R
1412 2171 1431 2199 3
1458 2161 1498 2192 N.
1534 2161 1584 2192 vel

256 2201 403 2232 Nonium
423 2202 616 2234 Petmrclm:
644 2204 705 2234 Cn.
732 2204 818 2235 codd.
911 2216 930 2243 5
955 2205 1080 2243 aliquid
1100 2216 1151 2235 me
1169 2205 1335 2235 conficere
1352 2205 1417 2235 scel.
1441 2204 1581 2235 Vrsinus

249 2249 325 2284 post
352 2256 404 2276 me
434 2246 507 2276 add.
540 2258 642 2285 posse
668 2248 696 2278 L
721 2250 862 2287 (maog)
1043 2259 1081 2278 10
1106 2249 1270 2287 proficere
1297 2247 1468 2278 ORPM22
1505 2259 1580 2287 pro-

255 2288 406 2319 ficiscere
424 2288 478 2318 M¹
580 2301 678 2328 posse
696 2292 776 2322 mihi
794 2292 927 2322 viderer
945 2290 1102 2331 Madvig:
1129 2302 1259 2332 possem
1279 2292 1383 2321 videri
1405 2290 1577 2323 ORPM'2:

254 2342 389 2371 possum
415 2333 530 2363 videre
556 2333 606 2362 ΙΙΙ1
