1742 2651
76 90 171 126 XII.
191 89 299 125 xxvi
565 90 620 126 M.
652 89 820 126 TVLLI
852 88 1158 127 CICERONIS

197 200 270 237 bus
290 199 452 249 ignosco
473 213 621 250 eaeque
647 199 742 236 mihi
771 207 861 237 sunt
888 207 1015 238 notae.
1077 201 1140 237 De
1159 200 1362 237 voluntate
1388 206 1455 236 tua
1480 206 1523 236 ut

150 276 174 303 2
195 264 311 302 simul
331 264 452 302 simus
468 266 529 302 vel
550 264 681 302 studio
702 264 832 314 potius
854 271 892 302 et
913 263 1127 313 cupiditate
1148 277 1228 301 non
1249 263 1399 301 dubito.
1461 265 1522 300 De

195 329 310 367 Nicia
336 331 444 379 quod
472 329 619 375 scribis,
643 329 674 366 si
703 329 756 366 ita
786 343 848 367 me
878 330 1065 367 haberem
1095 336 1137 366 ut
1166 328 1248 366 eius
1278 327 1522 366 humanitate

193 393 267 432 frui
296 408 463 444 possem,
494 394 532 431 111
563 394 696 444 primis
727 396 866 432 vellem
899 394 1007 431 illum
1042 407 1198 431 mecum
1230 394 1384 431 habere.
1444 393 1522 430 Sed

193 459 290 497 mihi
320 459 491 497 solitudo
519 467 557 497 et
586 472 760 496 recessus
790 458 992 508 provincia
1021 466 1090 496 651.
1150 459 1270 506 Quod
1292 457 1384 506 quia
1409 456 1522 494 facile
1543 473 1558 502 5

192 525 340 562 ferebat
372 524 493 570 Sicca,
526 537 573 561 eo
606 523 727 572 magis
768 523 877 560 illum
917 523 1110 561 (1651(1610.
1181 524 1384 560 Praeterea
1418 521 1520 558 nosti

193 589 332 627 Niciae
379 588 501 626 nostri
550 588 875 635 imbecillitatem,
923 587 1141 634 mollitiam,
1192 586 1520 624 consuetudinem

192 653 327 691 victus.
387 654 468 691 Cur
498 666 590 702 ergo
621 652 675 690 illi
709 654 896 690 molestus
931 666 1016 690 esse
1048 652 1176 697 velim,
1206 665 1296 689 cum
1331 651 1426 688 mihi
1458 651 1521 688 ille

192 718 388 756 iucundus
409 732 493 756 esse
515 731 595 755 non
616 717 737 766 possit
755 719 770 754 ?
826 719 1020 755 Voluntas
1042 725 1173 754 tamen
1195 716 1278 754 eius
1299 716 1394 753 mihi
1414 723 1521 764 grata

191 792 260 822 est.
319 785 449 820 Vnam
471 796 551 820 rem
572 783 623 820 ad
645 796 707 819 1116
734 781 944 831 5611ρ51511;
973 783 1023 819 (16
1044 795 1122 830 qua
1148 780 1303 819 decrevi
1327 780 1423 817 nihil
1450 779 1519 817 tibi
1544 795 1579 816 10

191 847 413 885 rescribere.
474 848 596 896 Spero
621 846 726 884 enim
749 860 812 883 me
832 860 855 883 a
876 854 913 883 te
934 846 1163 895 impetrasse
1190 853 1232 884 ut
1259 844 1428 895 privares
1457 858 1520 882 me

191 911 264 950 ista
285 912 473 950 molestia.
534 911 655 949 Piliae
677 918 715 949 et
736 911 891 949 Atticae
912 912 1087 948 salutem.

235 1019 413 1054 XXVII
524 1020 592 1053 Ser.
613 1021 760 1051 Asturae
776 1032 799 1050 x
814 1021 856 1051 K.
877 1020 961 1061 Apr.
981 1031 1010 1051 a.
1034 1032 1091 1059 709
1112 1021 1192 1062 (45).

602 1099 773 1129 CICERO
803 1099 836 1128 A
848 1099 983 1129 TTICO
1013 1097 1117 1129 SAL.

157 1183 177 1212 1
249 1175 310 1211 De
332 1172 478 1210 Siliano
498 1171 669 1221 negotio,
693 1171 764 1209 etsi
795 1171 890 1208 mihi
916 1185 996 1208 non
1024 1178 1081 1208 est
1103 1171 1234 1219 ignota
1256 1170 1450 1216 condicio,
1468 1177 1519 1207 ta-
1542 1186 1578 1217 15

194 1252 284 1276 men
306 1238 511 1275 hodierne
536 1251 582 1274 ex
612 1237 724 1274 Sicca
753 1236 917 1274 arbitror
946 1235 1080 1273 omnia
1110 1235 1369 1284 cogniturum.
1429 1235 1521 1273 Cot-

191 1311 253 1341 tae
283 1304 391 1352 quod
423 1315 541 1351 negas
572 1310 610 1340 te
641 1315 768 1347 nosse,
801 1302 900 1339 ultra
931 1300 1117 1339 Silianam
1140 1299 1269 1337 villam
1300 1308 1368 1346 651,
1401 1313 1520 1349 quam

192 1376 287 1418 puto
322 1367 391 1405 tibi
422 1375 557 1404 notam
588 1380 683 1412 6556,
717 1366 848 1403 villula
878 1365 1036 1403 sordida
1068 1373 1105 1403 61
1135 1366 1250 1403 valde
1284 1364 1434 1414 pusilla,
1467 1364 1520 1401 nil

190 1434 280 1484 agri,
307 1434 357 1471 ad
392 1434 540 1470 nullam
571 1445 651 1469 rem
683 1431 758 1469 loci
790 1431 881 1469 satis
912 1431 984 1468 nisi
1014 1432 1065 1468 ad
1096 1444 1182 1468 eam
1213 1444 1331 1480 quam
1362 1443 1517 1479 quaero.

192 1501 344 1549 Sequor
373 1498 652 1536 celebritatem.
714 1498 792 1535 Sed
823 1497 853 1535 si
884 1496 1081 1546 perficitur
1111 1497 1160 1534 de
1190 1496 1312 1533 1101115
1342 1495 1424 1541 Sili,
1445 1496 1521 1532 1106
1542 1510 1580 1531 20

192 1572 250 1602 est
285 1564 315 1601 51
347 1563 500 1612 perficis
537 1563 611 1613 (est
643 1562 748 1600 enim
781 1570 908 1599 totum
947 1561 1119 1612 positum
1154 1561 1193 1599 in
1229 1562 1295 1611 16),
1333 1561 1429 1598 1111111
1463 1568 1520 1598 651

193 1628 340 1666 56111661
361 1629 469 1677 quod
490 1628 540 1666 de
563 1628 704 1665 Cottae
726 1627 952 1676 cogitemus.

148 1703 172 1730 2
249 1696 310 1731 De
345 1693 538 1732 Cicerone
569 1700 609 1729 ut
640 1692 775 1730 scribis
810 1692 861 1729 ita
894 1692 1062 1739 faciam;
1106 1691 1179 1741 ipsi
1214 1691 1436 1741 permittam
1471 1692 1520 1729 de

194 1766 380 1808 tempore.
441 1759 706 1795 Nummorum
729 1765 920 1806 quantum
943 1770 1042 1806 opus
1063 1757 1134 1795 erit
1155 1764 1196 1794 ut
1217 1764 1458 1806 permutetur
1478 1764 1519 1793 tu

192 1823 353 1861 videbis.
416 1825 474 1860 Ex
495 1822 638 1860 Aledio
659 1823 767 1871 quod
793 1822 938 1860 scribas
966 1822 997 1860 51
1024 1822 1120 1871 quid
1147 1822 1340 1860 inveneris
1361 1821 1516 1859 scribes.
1542 1833 1578 1864 25

194 1890 244 1926 Et
273 1902 346 1937 ego
376 1903 422 1926 ex
453 1887 527 1926 tuis
557 1888 829 1925 animadverto
854 1887 990 1925 litteris
1012 1896 1049 1925 61
1070 1888 1247 1937 profecto
1277 1895 1318 1924 tu
1348 1901 1394 1925 ex
1424 1886 1520 1924 meis

192 1953 288 1991 nihil
311 1953 455 1991 habere
483 1966 555 1991 nos
580 1953 689 2002 quod
717 1952 956 1990 scribamus:
989 1953 1127 1990 eadem
1156 1951 1301 1989 cotidie
1322 1964 1422 2001 quae
1443 1950 1520 1988 iam

237 2067 255 2086 2
283 2056 332 2086 De
361 2057 456 2086 Nicia
476 2081 482 2087 .
503 2080 509 2086 .
531 2080 538 2086 .
559 2060 655 2094 grata
684 2060 733 2085 est
763 2055 796 2086 (l.
818 2055 881 2085 1οῆ
910 2055 1003 2085 habet
1026 2055 1221 2094 plerumque
1248 2053 1426 2085 Suetonius
1452 2053 1522 2083 ‘Dc

195 2099 445 2130 Grmnmatz'cis’
469 2111 504 2138 14
649 2109 667 2137 5
693 2099 882 2139 provincia]
910 2109 971 2138 pro
1001 2099 1092 2128 victu
1119 2098 1249 2137 Kayser
1334 2097 1435 2135 Quod
1452 2120 1459 2126 .
1480 2120 1487 2127 .
1509 2121 1516 2127 .

195 2144 351 2173 desidero
375 2154 440 2174 om.
468 2142 647 2172 Suetonius
779 2153 795 2181 7
822 2141 1030 2172 mollitiem]
1180 2142 1199 2170 8
1225 2151 1299 2171 esse
1323 2140 1344 2170 I
1362 2144 1390 2170 et
1407 2140 1520 2170 Saea:

193 2198 259 2217 om.
278 2186 319 2215 M
404 2187 503 2216 velim
521 2210 527 2216 .
549 2211 555 2217 .
575 2210 580 2216 .
604 2196 671 2215 non
696 2196 761 2215 om.
788 2184 965 2215 Suetonius
1119 2196 1140 2224 9
1164 2185 1289 2224 possim
1311 2184 1377 2223 (vel
1391 2194 1456 2213 —em
1475 2183 1525 2213 vel

193 2231 276 2265 -111111
308 2229 421 2260 codices
447 2230 586 2260 Suetom'
730 2230 767 2258 16
800 2229 922 2259 Cottae
952 2224 1047 2259 CZ’J:
1088 2234 1183 2258 60616
1217 2226 1334 2257 ORP:
1370 2231 1461 2256 certe
1492 2231 1521 2256 Δ

198 2284 236 2311 19
260 2274 323 2303 nisi
346 2274 553 2312 lllsenlmg:
588 2273 668 2302 nihil
693 2271 782 2302 codd.
946 2282 986 2302 22
1012 2272 1131 2302 Cottae
1156 2271 1301 2301 Miiller:
1337 2270 1435 2300 Cotta
1461 2269 1524 2307 (vel

196 2318 304 2358 cocta)
325 2317 411 2347 codd.
547 2326 588 2354 25
612 2315 739 2345 scribas
761 2314 964 2354 llisenbetg:
992 2316 1108 2345 scribis
1123 2314 1209 2345 codd.
