1742 2651
68 94 161 130 XII.
186 94 261 130 xiii
563 97 618 132 M.
652 97 818 133 TVLLI
851 97 1157 135 CICERONIS

202 206 385 256 Denique
407 221 526 245 nemo
552 208 709 257 negabit
737 222 777 246 se
806 208 1019 246 iuraturum
1047 223 1166 258 quern
1193 209 1347 259 rogaris.
1408 211 1529 259 Quod

199 270 228 307 si
265 271 335 308 erit
364 272 508 317 durius,
541 273 695 310 veniam
726 281 763 310 et
793 273 875 322 ipse
904 282 1136 322 perpetuum
1168 276 1349 312 morbum
1379 274 1526 313 iurabo.

200 336 302 373 Cum
325 336 429 374 enim
452 337 547 374 mihi
569 339 781 375 carendum
803 338 851 375 sit
875 338 1075 385 conviviis,
1099 341 1203 377 malo
1230 339 1270 377 id
1297 341 1381 389 lege
1407 339 1529 378 videri

198 401 325 438 facere
364 415 482 450 quam
522 403 668 440 dolore.
740 402 956 441 Cocceium
994 403 1111 440 velim
1150 405 1334 453 appelles.
1408 405 1529 452 Quod

198 465 303 502 enim
338 466 486 504 dixerat
520 480 601 504 non
634 467 735 504 facit.
794 469 879 516 Ego
913 475 1045 506 autem
1080 469 1170 506 volo
1203 468 1365 518 aliquod
1400 482 1529 507 emere
1550 480 1565 511 5

198 530 403 568 latibulum
426 539 464 569 et
485 531 704 581 perfugium
725 532 872 570 doloris
894 532 981 570 mei.

240 681 350 717 XIV
504 686 570 718 Ser.
591 686 737 718 Asturae
754 687 872 718 vz'z'z'Id.
892 687 991 718 Mad.
1012 698 1041 719 a.
1065 697 1124 728 709
1143 688 1223 729 (45).

612 775 784 806 CICERO
807 775 993 806 ATTICO
1015 775 1118 807 SAL.

162 877 178 903 1
253 865 315 901 De
336 877 399 902 me
420 865 646 902 excusando
666 866 771 914 apud
792 865 1034 914 Appuleium
1056 866 1243 903 dederam
1263 866 1314 903 ad
1339 872 1377 904 te
1402 864 1527 915 pridie

197 928 352 966 litteras.
414 928 523 965 Nihil
554 942 638 967 esse
668 929 798 978 negoti
828 929 1002 967 arbitror.
1063 931 1369 979 Quemcumque
1397 931 1528 979 appel·
1549 945 1588 966 10

196 993 284 1031 laris
314 1007 433 1031 nemo
464 994 632 1042 negabit.
692 995 769 1032 Sed
798 994 1030 1043 Septimium
1059 994 1149 1032 vide
1176 1002 1213 1032 et
1244 996 1458 1032 Laenatem
1489 1003 1527 1033 et

196 1057 417 1105 Statiliumg
452 1058 574 1096 tribus
601 1058 706 1096 enim
735 1072 834 1108 opus
861 1067 928 1097 est.
990 1060 1068 1097 Sed
1096 1059 1191 1096 mihi
1220 1061 1372 1097 Laenas
1399 1066 1526 1097 totum

196 1131 404 1172 receperat.

153 1198 176 1224 2
251 1189 371 1236 Quod
393 1187 529 1225 scribis
558 1201 581 1226 a
613 1187 728 1226 Iunio
759 1195 796 1226 te
825 1190 1076 1238 appellatum,
1105 1189 1269 1227 omnino
1291 1189 1525 1228 Cornificius

196 1254 371 1302 locuples
392 1261 476 1299 est3
505 1254 574 1291 sed
603 1260 734 1290 tamen
765 1253 862 1291 scire
889 1253 1005 1291 velim
1037 1255 1198 1303 quando
1226 1254 1333 1292 dicar
1357 1267 1526 1303 spopon-
1548 1270 1584 1301 15

195 1317 299 1356 disse
334 1326 372 1356 et
406 1331 476 1367 pro
511 1327 619 1367 patre
654 1332 756 1356 anne
791 1332 860 1368 pro
895 1319 985 1357 filio.
1047 1321 1189 1368 Neque
1224 1332 1272 1357 eo
1306 1319 1446 1366 minus,
1484 1326 1525 1356 ut

195 1383 341 1430 scribis,
378 1391 648 1433 procuratores
679 1384 866 1423 Cornifici
897 1392 934 1422 et
966 1384 1207 1434 Appuleium
1239 1383 1525 1434 praediatorem

195 1448 357 1486 videbis.

151 1516 175 1553 3
250 1515 370 1562 Quod
401 1527 464 1551 me
493 1514 543 1552 ab
573 1515 649 1552 hoc
680 1527 853 1553 maerore
883 1515 1044 1553 recreari
1074 1515 1142 1561 vis,
1174 1514 1268 1552 facis
1298 1522 1339 1552 ut
1368 1513 1501 1552 omnia
1516 1528 1526 1560 ;

194 1580 263 1617 sed
299 1592 362 1616 me
396 1579 491 1616 mihi
526 1593 606 1617 non
642 1579 812 1618 defuisse
847 1588 887 1617 tu
923 1580 1031 1618 testis
1070 1593 1121 1617 es.
1182 1579 1291 1617 Nihil
1331 1579 1435 1617 enim
1474 1579 1524 1616 de
1547 1595 1584 1616 20

194 1657 369 1682 maerore
390 1644 608 1682 minuendo
629 1645 816 1694 scriptum
838 1646 888 1683 ab
910 1647 990 1683 ullo
1011 1654 1068 1683 est
1090 1646 1198 1694 quod
1219 1659 1292 1694 ego
1313 1658 1393 1682 non
1415 1643 1524 1682 domi

193 1717 283 1747 tuae
325 1709 494 1759 legerim.
572 1711 649 1747 Sed
689 1724 848 1748 omnem
889 1711 1201 1749 consolationem
1240 1710 1359 1748 vincit
1398 1711 1520 1747 dolor.

193 1775 301 1823 Quin
323 1775 439 1812 etiam
468 1774 541 1812 feci
570 1776 677 1824 quod
706 1777 882 1824 profecto
912 1784 1002 1813 ante
1035 1790 1096 1814 me
1126 1788 1245 1813 nemo
1276 1783 1317 1812 ut
1347 1774 1430 1824 ipse
1460 1787 1523 1811 me

192 1852 260 1888 per
294 1839 438 1877 litteras
473 1841 706 1878 consolarer.
785 1842 917 1889 Quem
957 1841 1099 1878 librum
1134 1841 1184 1878 ad
1220 1848 1257 1877 te
1293 1839 1454 1885 mittam,
1492 1838 1522 1876 si

191 1905 466 1953 descripserint
501 1905 655 1943 librarii.
715 1907 896 1944 Adfirmo
926 1905 995 1943 tibi
1030 1907 1177 1943 nullam
1210 1904 1521 1942 consolationem
1546 1918 1581 1948 25

191 1984 275 2008 esse
305 1971 433 2007 talem.
504 1972 629 2008 Totos
664 1970 747 2008 dies
782 1970 922 2016 scribo,
959 1984 1039 2007 non
1075 1983 1154 2019 quo
1189 1969 1389 2019 proficiam
1425 1969 1521 2018 quid

190 2036 259 2072 sed
281 2035 468 2084 tantisper
490 2035 819 2085 impedior—non
840 2035 1025 2084 equidem
1047 2035 1138 2073 satis
1159 2034 1233 2081 (vis
1255 2034 1359 2072 enim
1381 2034 1518 2084 urget),

189 2100 313 2137 —sed
334 2101 482 2137 relaxor
503 2108 634 2137 tamen
654 2101 705 2137 ad
727 2100 939 2149 omniaque
961 2100 1062 2137 nitor
1082 2113 1162 2137 non
1183 2100 1233 2137 ad
1253 2098 1429 2136 animum
1451 2100 1521 2136 sed

189 2166 240 2203 ad
282 2166 431 2202 vultum
472 2165 611 2213 ipsum,
654 2165 683 2202 si
724 2178 878 2214 queam,
920 2165 1176 2202 reficiendum
1216 2163 1335 2213 idque
1373 2163 1520 2201 faciens

235 2278 274 2307 27
300 2267 463 2307 impedior
480 2292 486 2298 .
504 2292 509 2298 .
528 2292 534 2298 .
555 2267 632 2307 sed]
652 2267 696 2298 ita
713 2267 915 2307 intetpunxil
936 2268 1059 2306 ΤζνννθίΙ
1217 2268 1258 2297 28
1282 2266 1323 2305 ad
1342 2268 1520 2306 omniaque

190 2311 247 2342 M:
275 2312 432 2350 omnique
449 2311 477 2340 vi
497 2309 705 2351 Il‘esenlu’zg:
731 2312 890 2350 omnique
908 2321 971 2350 ope
985 2311 1096 2341 Cobet:
1122 2310 1301 2348 omniaque
1320 2311 1405 2340 facio
1419 2315 1520 2349 atque

191 2355 365 2385 Lehmann
455 2355 565 2384 enitor
587 2353 774 2394 Wssmheag
906 2365 948 2393 29
972 2355 1100 2384 vultum
1121 2353 1207 2384 CM:
1234 2354 1355 2384 vulnus
1373 2354 1472 2385 Rom.
