1742 2651
116 819 151 841 lo

115 1147 150 1177 15

590 114 701 149 EPP.
733 115 811 150 AD
843 114 1101 152 ATTICVM
1419 118 1505 153 XV.
1526 118 1553 152 ii

178 222 272 259 lario
289 230 373 260 tuas
395 222 540 261 litteras
558 238 567 270 3
598 223 636 260 in
654 223 797 273 quibus
818 224 933 261 nimis
955 226 1077 262 multa
1093 227 1142 263 de
1161 227 1365 264 Buthroto.
1416 228 1509 265 Non

177 285 282 323 enirn
299 286 368 324 tibi
390 301 435 325 ea
456 302 514 326 res
536 288 674 326 maiori
690 302 805 326 curae
825 296 892 326 aut
913 297 969 327 est
985 297 1051 326 aut
1069 289 1138 327 erit
1153 304 1271 340 quam
1289 291 1395 329 mihi.
1447 292 1510 330 Sic

176 350 282 388 enirn
303 352 417 390 decet
445 360 483 390 te
505 366 592 390 mea
612 366 760 400 curare,
779 360 846 390 tua
876 367 947 391 me.
1010 355 1142 402 Quam
1169 355 1221 392 ob
1249 369 1330 393 rem
1361 356 1399 394 id
1429 357 1509 406 qui-

175 417 267 455 dem
289 417 343 455 sic
364 426 589 468 susceptum
612 427 669 456 est
687 418 780 455 mihi
803 426 843 456 ut
860 418 957 456 nihil
978 419 1050 456 sim
1072 419 1274 457 habiturus
1295 421 1505 470 antiquius.

230 484 272 519 L.
305 483 525 520 Antonium
561 483 833 521 contionatum
868 497 952 521 esse
987 484 1154 533 cognovi
1190 485 1264 522 tuis
1300 485 1434 523 litteris
1469 495 1506 525 et
1527 496 1550 522 2

173 546 257 584 aliis
288 547 470 594 sordide:
504 550 572 586 scd
603 548 643 586 id
674 550 788 597 quale
819 549 932 586 fuerit
965 549 1122 597 nesciog
1158 549 1253 587 nibil
1283 551 1387 588 enim
1420 552 1506 589 scri-

174 611 239 661 pti.
320 614 380 650 De
421 615 663 651 Menedemo
702 615 836 663 probe.
911 614 1084 663 Quintus
1127 624 1231 653 certe
1270 630 1315 654 ea
1353 617 1505 654 dictitat

173 691 274 726 quae
301 678 448 716 scribis.
510 679 729 717 Consilium
763 693 894 717 meum
923 693 945 717 a
970 688 1007 718 te
1034 681 1189 730 probari
1219 683 1328 731 quod
1353 697 1398 720 ea
1425 697 1505 721 non

173 742 340 781 scribam
374 757 475 793 quae
510 751 550 780 tu
589 757 611 781 a
651 758 713 781 me
748 744 955 794 postularis
985 745 1097 783 facile
1132 745 1267 794 patior,
1301 749 1505 797 multoque

173 808 294 857 magis
325 808 364 846 id
395 808 592 858 probabis,
623 808 654 846 si
684 809 902 847 orationem
938 823 1023 847 eam
1055 811 1104 848 de
1135 824 1213 860 qua
1242 812 1360 850 hodie
1390 813 1441 850 ad
1468 821 1506 851 te

172 872 306 923 scripsi
336 872 483 923 legeris
545 874 658 921 Quae
693 875 743 912 de
778 874 998 924 legionibus
1030 874 1177 922 scribis,
1207 889 1252 913 ea
1282 890 1371 914 vera
1401 886 1502 916 sunt.

171 939 249 975 Sed
288 951 369 975 non
410 938 501 975 satis
540 939 616 976 hoc
656 938 751 976 mihi
790 938 933 977 videris
973 939 1043 976 tibi
1075 940 1312 989 persuasisse
1347 941 1415 991 qui
1453 943 1503 981 de

172 1002 387 1040 Buthrotiis
418 1002 559 1040 nostris
589 1017 657 1053 per
684 1011 864 1041 senatum
895 1017 1026 1054 speres
1056 1005 1199 1043 confici
1226 1019 1341 1055 posse
1363 1010 1502 1057 †quod

170 1075 277 1117 puto.
337 1069 542 1107 Tantum†
583 1067 687 1105 enim
727 1068 854 1115 video,
891 1082 970 1106 non
1010 1069 1190 1108 videmur
1227 1084 1312 1109 esse
1351 1071 1499 1119 victuri,

170 1134 250 1179 sed,
275 1141 317 1171 ut
342 1133 418 1170 iam
446 1147 518 1171 nos
545 1135 622 1171 hoc
649 1134 764 1179 fallat,
788 1135 839 1171 de
868 1135 1061 1172 Buthroto
1089 1142 1126 1173 te
1154 1149 1234 1173 non
1262 1138 1378 1174 fallet.
1440 1140 1501 1176 De
1521 1151 1545 1187 3

170 1198 310 1236 Octavi
350 1198 536 1236 contione
575 1198 681 1236 idem
721 1198 848 1236 sentio
881 1200 990 1248 quod
1025 1207 1077 1245 tu,
1115 1201 1379 1251 ludorumque
1418 1203 1501 1241 eius

168 1271 377 1313 apparatus
413 1272 450 1301 et
484 1263 631 1301 Matius
666 1277 711 1301 ac
744 1265 956 1302 Postumus
989 1265 1085 1302 mihi
1115 1275 1385 1315 procuratores
1420 1282 1501 1306 non

168 1330 350 1378 placent3
379 1330 543 1366 Saserna
565 1331 728 1378 conlega
748 1328 900 1378 dignus.
961 1331 1039 1368 Sed
1055 1330 1117 1368 isti
1139 1344 1288 1379 omnes,
1312 1346 1430 1382 quem
1451 1335 1501 1372 ad

169 1395 333 1432 modum
370 1393 500 1440 sentis,
533 1407 613 1431 non
645 1393 775 1431 minus
806 1394 930 1431 otium
961 1394 1100 1433 timent
1131 1410 1248 1445 quam
1279 1411 1352 1435 nos
1380 1411 1497 1436 arma.

112 1477 125 1497 2
170 1462 339 1499 Balbum
368 1461 485 1499 levari
516 1461 662 1499 invidia
692 1474 760 1510 per
789 1475 860 1499 nos
890 1461 1018 1508 velim,
1048 1463 1117 1500 sed
1148 1476 1197 1500 ne
1227 1462 1310 1512 ipse
1337 1463 1499 1513 quidem

169 1526 208 1564 id
231 1526 311 1564 fieri
333 1540 448 1576 posse
469 1526 644 1564 confidit.
706 1528 846 1576 Itaque
866 1526 940 1564 alia
961 1527 1116 1577 cogitat.

223 1592 344 1640 Quod
388 1590 511 1640 prima
555 1590 770 1640 disputatio
808 1593 1035 1629 Tusculana
1075 1600 1113 1630 te
1156 1593 1363 1631 confirmat
1404 1608 1542 1647 sane4

167 1658 346 1706 gaudem
381 1669 510 1705 neque
540 1656 645 1693 enim
676 1657 799 1693 ullum
829 1664 886 1693 est
915 1656 1134 1706 perfugium
1164 1665 1230 1694 aut
1261 1658 1399 1697 melius
1431 1668 1497 1697 aut

168 1721 351 1771 paratius.
416 1722 592 1758 Flamma
622 1721 731 1770 quod
765 1721 866 1758 bene
896 1720 1070 1770 loquitur
1098 1735 1179 1759 non
1210 1724 1373 1761 moleste
1403 1725 1495 1762 fero.

131 1803 145 1832 l
169 1787 528 1836 Tyndaritanorum
573 1799 700 1833 causa,
741 1787 792 1823 de
832 1799 911 1835 qua
952 1799 1070 1823 causa
1110 1787 1271 1834 laborat,
1312 1801 1412 1837 quae
1451 1789 1499 1827 sit

168 1851 318 1902 ignoro.
355 1854 444 1889 Hos
458 1860 590 1889 tamen
607 1883 613 1889 .
632 1881 660 1889 ..
681 1882 687 1888 .
729 1853 981 1889 Πεντέλοιπον
995 1864 1152 1889 movere
1165 1851 1239 1889 ista
1252 1852 1443 1900 videntur,
1459 1853 1498 1891 in

167 1917 302 1968 primis
323 1917 496 1966 erogatio
517 1916 718 1966 pecuniae.
780 1919 842 1955 De
859 1916 1050 1955 Alexione
1072 1917 1200 1964 doleo,
1220 1918 1289 1955 sed
1311 1918 1499 1967 quoniam

210 2023 231 2052 6
255 2022 369 2061 scripti
398 2020 468 2053 M1:
506 2020 641 2059 scripsti
664 2020 745 2050 M'2:
778 2021 945 2060 scripsisti
972 2020 1072 2051 Rom.
1094 2020 1117 2051 I
1266 2032 1287 2060 9
1312 2021 1500 2060 postularas

169 2064 310 2106 Madvig
487 2075 522 2103 13
547 2075 659 2103 posse.
706 2065 807 2103 Quod
833 2065 958 2095 dubito.
1013 2065 1158 2095 Tantum
1185 2065 1274 2094 enim
1299 2065 1398 2095 video
1420 2066 1496 2096 com'.

168 2109 274 2140 Boot:
300 2119 409 2148 posse.
459 2108 557 2146 Quod
582 2113 663 2147 puto
682 2108 825 2146 (tantum
846 2109 937 2138 enirn
956 2109 1054 2138 video
1094 2108 1239 2148 Zvrrell:
1265 2119 1385 2148 posse3
1410 2109 1500 2139 haud

169 2158 274 2191 put03
300 2158 462 2192 quantum
481 2152 571 2181 enirn
596 2152 695 2182 video
723 2151 928 2182 Gronovius:
963 2162 1073 2191 posse,
1105 2153 1205 2191 quod,
1230 2157 1499 2191 put0.*tantum

170 2195 258 2226 enim
282 2195 514 2226 video—Reid
671 2206 707 2233 14
733 2197 817 2236 non]
845 2206 906 2226 nos
927 2197 1004 2225 coni.
1027 2195 1148 2226 Lamb.
1314 2207 1351 2234 15
1377 2202 1412 2225 ut
1436 2196 1499 2226 iam

169 2239 287 2269 Klotz:
314 2240 413 2269 etiarn
432 2238 488 2269 M:
515 2244 550 2268 ut
569 2239 669 2268 ctiam
690 2238 805 2269 Orelli:
831 2240 859 2269 si
882 2240 982 2269 etiam
1001 2238 1100 2270 Rom.
1261 2250 1295 2278 17
1322 2245 1499 2278 apparatu,

168 2283 229 2312 sed
248 2283 370 2313 Matius
389 2282 558 2312 Turnebus
669 2292 709 2320 25
734 2282 876 2312 allermn
890 2282 1004 2320 causass
1025 2282 1136 2313 Pansa
1153 2283 1218 2314 cod.
1238 2284 1369 2313 Vrsini:
1393 2283 1500 2313 Casca

167 2326 245 2356 coni.
262 2326 347 2356 Boot
437 2326 568 2356 laboras
586 2324 679 2355 Man.
817 2327 859 2356 26
883 2329 943 2355 aut
958 2326 1150 2366 aposiopesis
1166 2331 1211 2356 est
1222 2331 1297 2367 post
1314 2331 1425 2356 tamen
1443 2330 1503 2356 aut

168 2369 345 2399 defendam
358 2370 407 2399 vel
417 2369 522 2399 simile
533 2368 616 2408 quid
625 2370 787 2399 omissum
804 2380 810 2399 :
835 2379 972 2400 noscam
987 2375 1097 2400 tamen
1110 2370 1196 2400 Reid
1283 2369 1498 2400 Πεντέλοιπον

167 2413 204 2451 cs.
225 2413 292 2444 xiv.
311 2423 360 2444 21.
380 2424 399 2452 4
