1742 2651
164 139 211 175 X.

192 514 219 544 2

235 149 265 174 x
610 139 663 175 M.
697 140 864 176 TVLLI
896 140 1202 178 CICERONIS

235 249 322 297 mei,
351 250 575 290 meminisse
605 251 810 298 amicitiae,
843 251 1029 301 potuisse,
1062 252 1092 289 si
1122 251 1232 291 aliter
1261 253 1456 300 sentirem,
1485 267 1570 293 esse

234 329 323 353 cum
353 317 555 366 Pompeio,
580 331 642 355 me
672 325 815 363 autem,
843 317 934 366 quia
964 331 1054 355 cum
1085 317 1286 356 lictoribus
1316 318 1459 356 invitus
1489 333 1571 357 cur-

235 394 370 427 sarem‚
394 382 532 419 abesse
552 383 651 419 velle
672 395 745 419 nec
766 381 805 419 id
826 381 955 431 ipsum
977 390 1126 421 certum
1147 382 1265 421 etiam
1285 396 1391 421 nunc
1412 384 1567 431 habere,

235 445 324 484 Vide
345 459 463 495 quam
485 448 534 484 ad
556 447 653 484 haeC
673 451 933 496 παραινετικῶς
950 462 956 485 :

292 512 445 548 ‘Tuum
467 511 675 549 consilium
696 526 815 561 quam
835 526 968 551 verum
991 520 1059 551 est.
1120 514 1223 551 Nam
1245 513 1311 563 qui
1332 527 1373 551 se
1394 513 1569 552 medium

235 588 319 613 esse
344 577 425 613 vult
446 575 484 612 in
507 576 630 626 patria
657 585 800 624 manet,
824 577 891 627 qui
916 577 1173 628 proficiscitur
1199 578 1347 627 aliquid
1372 579 1422 616 de
1451 580 1571 617 altera

236 647 319 677 utra
349 648 456 690 parte
486 640 658 679 iudicare
683 642 845 680 videtur.
906 644 984 680 Sed
1014 656 1086 692 ego
1116 642 1146 680 is
1177 656 1258 680 non
1288 656 1374 680 sum
1402 643 1469 692 qui
1499 651 1571 681 sta-

235 712 343 743 tuere
382 706 549 743 debeam
589 706 671 744 iure
702 707 789 756 quis
827 707 1096 756 proficiscatur
1129 721 1283 755 necne3
1325 708 1442 757 partis
1475 708 1571 746 mihi

236 772 381 809 Caesar
410 772 479 808 has
509 770 695 820 imposuit
725 785 774 809 ne
805 785 922 821 quem
956 772 1119 810 omnino
1149 772 1352 811 discedere
1381 787 1427 811 ex
1458 773 1571 811 Italia

236 843 396 885 paterer.
448 836 537 883 Qua
558 849 597 874 re
618 836 723 886 parvi
745 838 858 875 refert
880 850 942 875 me
963 837 1128 886 probare
1150 837 1428 887 cogitationem
1449 845 1567 884 tuam,

236 900 267 938 si
288 899 383 937 nihil
406 908 537 937 tamen
565 900 635 938 tibi
665 901 860 939 remittere
885 915 1057 951 possum.
1117 903 1181 939 Ad
1203 903 1411 941 Caesarem
1441 902 1570 940 mittas

236 979 379 1004 censeo
401 973 437 1003 et
459 966 507 1003 ab
530 979 576 1004 eo
598 967 673 1004 hoc
700 974 820 1016 petas.
882 968 974 1004 Non
1004 967 1144 1005 dubito
1172 967 1266 1016 quin
1298 969 1571 1017 impetraturus

237 1030 298 1076 sis,
322 1044 411 1068 cum
434 1031 658 1080 praesertim
680 1039 718 1069 te
738 1031 931 1070 amicitiae
952 1039 1107 1070 nostrae
1135 1032 1325 1070 rationem
1346 1032 1571 1070 habiturum

238 1109 322 1134 esse
344 1095 585 1145 pollicearis.'

196 1171 221 1209 3
295 1162 433 1199 Habes
454 1163 645 1211 σκυτάλην
664 1163 887 1212 Λακωνικήν.
945 1162 1121 1201 Omnino
1143 1162 1333 1212 excipiam
1355 1162 1568 1201 hominem.

240 1228 331 1264 Erat
361 1234 493 1264 autem
515 1239 539 1263 v
561 1229 697 1266 Nonas
727 1235 912 1265 venturus
937 1227 1098 1277 vesperi,
1129 1227 1169 1266 id
1200 1236 1257 1266 est
1286 1228 1415 1266 hodie.
1477 1229 1571 1267 Cras

236 1291 351 1341 igitur
381 1293 431 1330 ad
464 1306 526 1330 me
561 1294 723 1330 fortasse
754 1292 893 1331 veniet.
953 1293 1189 1342 Temptabo‚
1226 1294 1443 1332 †audeam†
1475 1293 1572 1331 nihil

237 1371 468 1407 properare;
516 1357 724 1395 missurum
767 1359 818 1396 ad
858 1359 1078 1397 Caesarem.
1158 1359 1271 1397 Clam
1316 1371 1439 1408 agam,
1481 1372 1571 1396 cum

238 1422 482 1473 paucissimis
511 1423 655 1461 alicubi
686 1423 923 1469 occultabor,
948 1423 1091 1463 †carti†
1113 1423 1204 1461 hinc
1225 1422 1306 1460 istis
1333 1423 1572 1461 invitissimis

238 1488 415 1534 evolabo,
442 1496 560 1537 atque
590 1488 740 1525 utinam
771 1489 821 1526 ad
852 1488 1093 1527 Curionem!
1154 1489 1286 1528 ιΣιὲινες
1318 1489 1338 1526 ὅ
1366 1506 1422 1526 τοι
1451 1490 1573 1540 λέγω]
1594 1501 1607 1521 2

241 1554 411 1602 Magnus
432 1554 545 1591 dolor
564 1553 739 1591 accessit.
800 1552 999 1590 Efficietur
1019 1552 1167 1602 aliquid
1189 1553 1350 1602 dignum
1373 1553 1498 1591 nobis.

295 1620 485 1668 Δυσουρία
512 1626 578 1656 tua
605 1617 701 1655 mihi
728 1619 842 1656 valde
873 1619 1047 1656 molesta.
1110 1619 1274 1656 Medere
1303 1619 1445 1656 amabo
1476 1619 1572 1656 dum

197 1691 299 1730 4est
338 1685 443 1735 ἀρχή.
524 1685 585 1721 De
626 1682 939 1720 Massiliensibus
977 1690 1108 1731 gratae
1147 1690 1236 1720 tuae
1276 1682 1371 1720 mihi
1410 1683 1569 1720 litterae.

242 1751 402 1798 Quaeso
437 1757 478 1787 ut
517 1748 638 1787 sciam
677 1747 866 1798 quicquid
905 1747 1088 1785 audieris.
1157 1748 1335 1786 Ocellam
1374 1761 1570 1797 cuperem,

240 1814 271 1852 si
305 1828 463 1864 possem
498 1815 638 1864 palam,
676 1814 784 1862 quod
823 1826 846 1850 a
885 1812 1058 1851 Curione
1093 1813 1308 1850 effeceram.
1385 1812 1464 1849 Hic
1500 1826 1572 1862 ego

240 1879 416 1918 Servium
452 1886 662 1929 exspectog
705 1891 818 1927 rogor
852 1876 957 1915 enim
992 1877 1042 1915 ab
1078 1876 1160 1914 eius
1195 1890 1314 1914 uxore
1349 1884 1386 1914 et
1420 1877 1499 1914 filio
1534 1885 1572 1915 et

283 1995 302 2022 4
328 1983 550 2023 παραινετικῶς
570 1981 691 2012 Lamb.
710 1980 829 2012 Schelle
851 1980 992 2020 Ysvrrell:
1027 1983 1296 2010 HAPHNIKOCK
1315 1979 1371 2009 M:
1401 1980 1572 2019 παρηνικῶς

240 2021 283 2057 Zl
299 2039 305 2057 :
326 2026 512 2067 τυραννικῶς
528 2026 618 2056 Victa
639 2025 821 2064 παροινικῶς
832 2024 951 2055 Lamb.
966 2024 1117 2054 exaltem
1131 2024 1308 2054 coniectura
1322 2037 1327 2054 z
1347 2025 1573 2063 παροξυντικῶς

241 2071 328 2102 Reid
465 2080 484 2108 5
509 2080 607 2109 quarn
626 2068 680 2098 M2
696 2081 703 2099 :
735 2068 813 2107 quia
837 2067 888 2097 Ml
982 2067 1174 2107 Namlfort.
1193 2068 1253 2097 sed
1272 2071 1383 2097 tamen
1536 2077 1570 2105 17

240 2113 400 2153 audeam]
429 2118 465 2144 ut
491 2114 520 2143 ei
548 2113 771 2152 persuadeam
801 2121 854 2141 me
878 2111 955 2142 coni.
980 2110 1167 2151 lleenbm‘g
1193 2110 1269 2140 duce
1293 2109 1464 2140 Scln‘itsioz
1495 2120 1569 2149 per-

241 2159 384 2188 suadere
409 2167 462 2187 me
486 2156 655 2188 Schmidt:
689 2156 823 2186 audiam
850 2154 959 2184 Μοειψ
1102 2155 1140 2184 18
1164 2154 1248 2185 clam
1275 2165 1371 2192 agam
1398 2153 1569 2185 Schmidt:

241 2201 422 2231 clamabam
448 2200 508 2230 M:
548 2200 632 2230 clam
656 2200 710 2229 ibo
752 2199 800 2228 vel
823 2198 934 2228 abiboi
961 2197 1055 2228 Man.
1229 2207 1266 2235 19
1291 2198 1372 2227 casti
1390 2197 1446 2228 M:
1479 2202 1571 2228 certe

241 2245 339 2275 Rom.
357 2245 396 2274 I:
420 2244 484 2274 cati
503 2242 549 2274 Z:
576 2248 672 2273 caute
690 2243 768 2272 coni.
788 2241 931 2271 Olsvcms
947 2253 953 2271 :
980 2241 1093 2271 furtim
1111 2241 1187 2271 coni.
1204 2239 1326 2270 ,Miiller
1411 2251 1453 2270 20
1478 2240 1572 2271 Σύνες

241 2288 258 2318 ὕ
286 2301 334 2318 τοι
362 2287 450 2325 λέγω
477 2286 569 2317 Cobet
596 2292 619 2325 ς·
636 2286 710 2317 Var.
736 2284 831 2316 Lecl.’
860 2287 924 2323 476
955 2284 1000 2314 cd.
1031 2286 1067 2321 2)
1100 2285 1165 2314 coll.
1195 2283 1281 2314 Plat.
1313 2283 1449 2313 Menon.
1478 2286 1518 2322 76
1535 2294 1567 2317 D,

240 2331 378 2362 Plzacdr.
399 2333 462 2368 236
480 2340 500 2360 D
517 2341 524 2360 :
556 2330 644 2359 σύνες
662 2329 689 2367 ὅ,
708 2341 737 2358 τι
757 2328 845 2368 λέγω
865 2328 971 2358 Crat.:
1001 2330 1330 2357 CINECnTfflAETD.
1347 2327 1407 2357 M:
1435 2326 1493 2357 σὺν
1511 2328 1571 2366 θεῷ

240 2387 287 2404 τοι
305 2373 392 2413 λέγω
409 2374 497 2413 vulg.
587 2383 623 2402 21
647 2373 793 2411 Magnus
807 2372 905 2402 dolor
920 2372 1065 2401 accessit
1082 2375 1288 2410 transponere
1303 2370 1373 2400 vult
1387 2370 1574 2410 Wesenberg

240 2422 315 2448 anu*
331 2417 490 2457 Δυσουρία
602 2427 641 2455 24
663 2420 737 2456 post
752 2425 908 2454 cuperem
928 2414 1002 2446 add.
1023 2415 1148 2445 habere
1170 2414 1358 2454 lVescnbw'g
1373 2414 1441 2443 coll.
1464 2424 1509 2453 17.
1527 2424 1547 2452 3

1595 854 1631 874 10

1593 1176 1629 1208 15
