1742 2651
101 587 117 617 5

83 906 118 926 10

77 1554 115 1575 20

550 128 663 165 EPP.
695 129 772 165 AD
803 129 1063 166 ATTICVM
1374 130 1485 167 XVI.
1505 140 1566 166 xv

183 257 266 293 XV
401 260 471 292 Ser.
488 261 522 292 in
539 260 701 301 Arpinati
713 265 787 291 anic
802 272 821 291 v
836 260 884 292 Id.
905 260 977 291 Dec.
999 271 1028 291 a.
1051 270 1107 300 710
1126 261 1213 302 (44).

546 349 717 380 CICERO
747 349 927 380 ATTICO
959 349 1064 380 SAL.

194 438 287 478 Noli
325 446 461 490 putare
499 438 652 490 pigritia
689 453 752 477 me
792 440 919 477 facere
957 440 1066 488 quod
1105 452 1185 477 non
1225 453 1313 477 mea
1351 453 1507 480 manu1

140 502 321 551 scribam,
343 505 411 542 sed
442 518 504 542 me
526 505 685 542 hercule
710 503 872 554 pigritia.
938 503 1047 541 Nihil
1073 503 1179 542 enim
1210 505 1338 543 habeo
1365 505 1472 543 aliud

139 570 247 617 quod
279 568 419 607 dicam.
485 570 535 606 Et
569 577 701 607 tamen
735 568 775 606 in
807 568 882 607 tuis
916 582 1076 618 quoque
1110 568 1285 619 epistulis
1316 570 1471 608 Alexim

138 633 274 671 videor
299 647 521 684 agnoscere.
581 635 659 672 Sed
685 635 735 672 ad
762 648 844 672 rem
868 633 994 672 venio.

194 700 279 748 Ego
309 698 340 736 si
370 712 432 736 me
462 712 543 737 non
573 698 863 748 improbissime
892 700 1101 737 Dolabella
1126 706 1338 746 tractasset,
1362 699 1473 738 dubi-

139 770 281 801 tassem
304 765 467 802 fortasse
491 772 621 802 utrum
649 764 845 802 remissior
871 778 997 802 essem
1022 778 1072 802 an
1100 777 1257 802 summo
1277 764 1359 802 iure
1382 778 1473 802 con-

139 829 353 866 tenderem.
414 830 532 866 Nunc
556 842 648 867 vero
675 829 792 867 etiam
820 830 974 878 gaudeo
999 829 1094 867 mihi
1115 843 1274 867 causam
1299 830 1473 867 oblatam

138 891 178 929 in
205 906 283 942 qua
312 901 349 930 et
375 893 457 942 ipse
490 893 631 931 sentiat
660 901 698 932 et
730 893 868 944 reliqui
899 907 1038 932 omnes
1065 908 1129 932 me
1157 894 1208 932 ab
1237 893 1304 931 illo
1333 894 1473 932 abalie-

138 964 288 1004 natum,
310 957 429 1006 idque
451 971 542 1007 prae
567 972 631 996 me
651 959 772 996 feram
795 962 863 999 †et
884 958 1045 1008 quidem
1068 972 1131 996 me
1151 972 1269 996 causa
1289 960 1415 997 facere
1435 966 1474 996 et

137 1020 189 1059 rei
216 1021 398 1071 publicae
426 1022 516 1062 cui†
539 1022 649 1060 illum
677 1023 840 1069 oderim,
864 1024 984 1073 quod,
1007 1037 1098 1060 cum
1119 1037 1205 1061 eam
1228 1037 1290 1061 me
1313 1031 1473 1062 auctore

137 1087 350 1125 defendere
380 1086 585 1136 coepisset,
616 1101 696 1125 non
728 1089 848 1126 modo
878 1087 1091 1126 deseruerit
1121 1095 1276 1138 emptus
1305 1088 1473 1138 pecunia

137 1152 206 1189 sed
233 1151 362 1197 etiarn,
389 1160 581 1201 quantum
611 1152 651 1190 in
682 1152 767 1202 ipso
794 1152 921 1200 fuerit,
941 1152 1132 1191 everterit.
1191 1154 1312 1201 Quod
1341 1160 1471 1191 autem
1491 1164 1516 1192 2

99 1229 114 1260 ;
137 1216 290 1266 quaeris
320 1230 400 1267 quo
431 1218 553 1256 modo
587 1217 648 1267 agi
682 1219 844 1267 placeat,
874 1231 965 1255 curn
1000 1217 1083 1256 dies
1115 1217 1272 1264 venerit,
1302 1217 1471 1268 primum

136 1281 253 1320 velim
274 1282 357 1321 eius
379 1282 488 1321 modi
513 1282 561 1320 sit
582 1290 624 1320 ut
648 1296 729 1321 non
755 1283 928 1320 alienum
956 1282 1004 1320 sit
1025 1295 1088 1320 me
1110 1283 1264 1320 Romae
1284 1296 1393 1330 esse3
1422 1284 1472 1321 de

136 1361 215 1397 quo
237 1355 278 1385 ut
299 1349 349 1386 de
371 1347 508 1386 ceteris
530 1347 671 1385 faciam
692 1354 734 1385 ut
755 1355 797 1385 tu
818 1347 1027 1385 censueris,
1084 1348 1146 1384 De
1167 1360 1320 1385 summa
1339 1355 1471 1385 autem

134 1412 195 1462 agi
234 1426 391 1462 prorsus
430 1413 685 1450 vehementer
723 1420 761 1450 et
800 1425 933 1450 severe
971 1413 1072 1449 volo.
1144 1412 1229 1450 Etsi
1263 1425 1472 1462 sponsores

134 1479 330 1527 appellare
369 1477 522 1516 videtur
567 1477 712 1515 habere
757 1478 957 1527 quandam
997 1477 1194 1524 δυσωπίαν,
1228 1485 1360 1515 tamen
1394 1479 1471 1517 hoc

135 1544 250 1592 quale
279 1543 327 1581 sit
352 1543 576 1581 consideres
607 1542 736 1580 velim.
797 1544 1012 1580 Possumus
1044 1542 1160 1588 enim,
1190 1550 1232 1580 ut
1261 1556 1470 1592 sponsores

134 1609 389 1658 appellemus,
407 1615 699 1658 procuratorem
722 1607 995 1655 introducere3
1020 1620 1148 1656 neque
1169 1607 1274 1645 enim
1292 1607 1345 1644 illi
1361 1607 1468 1645 litem

133 1673 469 1711 contestabuntur.
526 1675 618 1722 Quo
638 1675 742 1711 facto
763 1686 844 1710 non
866 1686 952 1710 sum
973 1672 1128 1710 nescius
1148 1686 1356 1722 sponsores
1378 1672 1469 1711 libe-

133 1737 216 1775 rari.
279 1740 357 1776 Sed
382 1747 420 1777 et
444 1738 497 1776 illi
523 1747 634 1789 turpe
659 1738 824 1776 arbitror
853 1751 900 1776 eo
930 1737 1092 1776 nomine
1121 1738 1230 1787 quod
1259 1737 1350 1775 satis
1375 1739 1468 1776 dato

133 1803 277 1841 debeat
298 1811 568 1852 procuratores
590 1803 672 1841 eius
694 1817 775 1841 non
796 1802 1023 1849 dissolverej
1039 1809 1077 1840 et
1097 1809 1252 1840 nostrae
1271 1802 1468 1851 gravitatis

132 1865 192 1905 ius
212 1875 389 1905 nostrum
415 1868 498 1906 sine
525 1881 679 1906 summa
699 1867 800 1906 illius
822 1867 1038 1918 ignominia
1057 1867 1248 1917 persequi.
1309 1869 1370 1905 De
1392 1869 1467 1906 hoc

132 1931 228 1981 quid
258 1934 410 1982 placeat
439 1933 628 1971 rescribas
654 1932 771 1971 velim
787 1947 797 1980 3
835 1946 909 1970 nec
939 1932 1079 1970 dubito
1108 1931 1204 1981 quin
1233 1933 1310 1970 hoc
1339 1939 1466 1970 totum

130 1997 256 2035 lenius
282 1997 622 2036 administraturus
649 1998 713 2036 sis.

186 2063 326 2101 Redeo
346 2064 396 2101 ad
418 2077 499 2101 rem
520 2063 731 2113 publicam.
775 2065 903 2101 Multa
925 2077 987 2101 me
1007 2064 1165 2101 hercule
1185 2076 1208 2100 a
1229 2070 1265 2100 te
1286 2076 1402 2113 saepe
1423 2063 1462 2101 in
1482 2072 1506 2108 3

129 2130 306 2180 πολιτικῷ
330 2142 472 2178 genere
496 2130 708 2178 prudenter
735 2130 805 2167 sed
832 2129 892 2166 his
918 2128 1053 2167 litteris
1084 2128 1181 2165 nihil
1207 2128 1462 2178 prudentius:

178 2242 189 2261 1
219 2233 251 2262 in
277 2232 436 2272 Arpinati
461 2233 549 2272 vulg.
572 2245 578 2263 :
603 2233 750 2263 Asturae
775 2233 896 2263 Gnrlz'lf
1031 2243 1065 2263 11
1094 2237 1127 2262 et
1152 2233 1304 2273 quidem]
1331 2238 1364 2262 et
1386 2234 1462 2263 fidei

129 2277 208 2307 coni.
230 2275 366 2307 Midler:
392 2276 450 2307 dcl.
472 2276 558 2306 Reid
610 2287 663 2306 me
681 2276 753 2306 Ml:
779 2287 853 2307 mea
872 2277 925 2306 M2
942 2287 949 2306 ;
974 2286 1026 2306 mc
1045 2286 1118 2306 mea
1136 2276 1251 2306 Baiter
1328 2286 1366 2306 12
1392 2277 1461 2317 cui]

130 2325 166 2350 ut
196 2319 327 2349 Baiter:
364 2330 425 2350 cur
457 2320 578 2350 Mam:
615 2320 671 2359 qui
702 2321 782 2350 coni.
811 2320 896 2350 Boot
1050 2331 1086 2357 14
1122 2319 1236 2359 fuerit]
1268 2320 1330 2349 suit
1362 2320 1462 2351 Rom.

130 2373 168 2392 21
195 2363 404 2403 appellemus
426 2363 528 2393 Orelli
544 2363 615 2404 (sed
628 2364 738 2393 conicit
754 2374 822 2393 non
844 2363 1069 2403 appellemus]
1086 2375 1092 2394 :
1117 2363 1327 2402 appellemur
1342 2360 1382 2392 Ζ(
1402 2362 1460 2393 M:

129 2407 344 2445 appellentur
366 2407 488 2437 Rosius
618 2408 660 2437 26
683 2417 746 2437 nec
763 2402 864 2437 FCZb
880 2418 886 2437 z
911 2413 944 2437 et
962 2407 1000 2436 M
