1742 2651
107 115 178 151 XI.
202 114 246 149 vi
582 115 637 152 M.
669 116 838 153 TVLLI
870 114 1177 153 CICERONIS

216 239 429 277 numquam
466 224 692 274 paenitebit,
730 223 868 262 consili
901 223 1083 273 paenitet.
1156 225 1203 262 In
1235 224 1384 274 oppido
1413 224 1546 274 aliquo

216 292 373 328 mallem
409 290 598 328 resedisse
628 291 761 339 quoad
795 302 1036 335 accerserer3
1074 289 1204 327 minus
1234 290 1425 327 sermonis
1460 291 1546 328 sub-

217 355 346 402 issem,
363 355 491 392 minus
512 354 751 404 accepissem
774 354 930 401 doloris,
947 354 1077 403 ipsum
1093 356 1168 392 hoc
1190 368 1253 392 me
1274 369 1354 393 non
1375 359 1543 404 angeret.

219 419 400 457 Brundisi
437 419 562 457 iacere
602 419 639 456 in
675 418 804 456 omnis
843 419 961 468 partis
996 427 1054 457 est
1088 421 1309 457 molestum.
1381 418 1545 468 Propius

216 486 415 529 accedere,
439 492 480 522 ut
501 485 654 530 suades,
677 498 757 533 quo
779 485 900 522 modo
928 483 1011 522 sine
1032 484 1233 522 lictoribus
1255 497 1355 534 quos
1377 485 1546 534 populus
1566 497 1583 528 5

215 550 324 588 dedit
347 551 537 599 possum?
567 549 633 598 qui
651 549 746 586 mihi
768 549 955 587 incolumi
971 549 1093 587 adimi
1110 563 1189 587 non
1211 558 1386 599 possunt.
1434 550 1546 596 Quos

216 628 288 663 ego
309 619 438 654 'mont
460 614 655 664 paulisper
675 627 766 651 cum
789 614 938 652 bacillis
964 614 1003 650 in
1025 615 1179 652 turbam
1196 614 1347 652 conieci
1367 615 1419 651 ad
1439 613 1547 663 oppi-

216 681 313 717 dum
347 681 540 717 accedens
573 693 622 716 ne
652 678 738 728 quis
768 679 938 728 impetus
977 678 1145 716 militum
1176 680 1294 717 fieret.
1353 678 1546 728 †Recipio

174 755 197 791 3
217 752 393 794 tempore
415 758 477 782 me
498 745 620 782 domo
637 752 674 782 te
695 748 835 782 nunc†.
900 745 963 782 Ad
980 743 1156 793 Oppium
1177 750 1212 781 et
1224 745 1394 782 Balbum
1414 744 1550 793 scripsi

217 807 292 862 [et]
315 823 489 859 quonam
506 809 550 847 iis
572 811 741 859 placeret
758 810 880 847 modo
896 808 1055 858 propius
1079 810 1267 847 accedere
1288 817 1329 846 ut
1345 810 1418 846 hac
1439 810 1488 847 de
1505 822 1544 846 re
1567 823 1605 844 10

214 874 518 913 considerarent.
579 875 710 913 Credo
741 875 822 911 fore
852 881 1042 912 auctores.
1107 873 1171 911 Sic
1203 873 1308 911 enim
1338 873 1541 923 recipiunt,

216 940 372 979 Caesari
404 953 485 977 non
516 940 637 977 modo
662 940 712 977 de
739 940 1009 977 conservanda
1038 940 1107 977 sed
1138 939 1255 977 etiam
1285 940 1335 977 de
1365 940 1544 988 augenda

216 1019 303 1043 mea
322 1005 511 1056 dignitate
538 1018 653 1042 curae
674 1005 765 1051 fore,
791 1018 933 1054 meque
954 1005 1158 1042 hortantur
1179 1012 1220 1042 ut
1249 1017 1392 1054 magno
1411 1003 1544 1041 animo

213 1071 298 1117 sim,
331 1079 373 1109 ut
399 1070 533 1108 omnia
562 1083 717 1108 summa
747 1083 911 1120 sperem.
973 1072 1030 1107 Ea
1059 1071 1268 1119 spondent,
1297 1070 1542 1107 confirmant.

214 1137 329 1185 Quae
345 1135 507 1185 quidem
529 1135 625 1172 mihi
643 1134 901 1184 exploratiora
917 1142 1059 1182 essent,
1077 1134 1109 1172 si
1130 1134 1415 1173 remansissem.
1466 1135 1544 1173 Sed
1567 1147 1603 1177 15

213 1200 347 1250 ingero
378 1200 584 1251 praeterita
600 1215 609 1247 3
649 1199 747 1246 vide,
783 1213 941 1249 quaeso,
978 1199 1093 1249 igitur
1123 1213 1169 1237 ca
1198 1213 1299 1249 quae
1331 1207 1476 1238 restant
1506 1210 1543 1237 et

212 1268 371 1316 explora
392 1280 481 1304 cum
504 1265 585 1303 istis
607 1273 656 1311 et,
679 1265 709 1302 si
737 1265 893 1314 putabis
918 1279 1018 1315 opus
1039 1279 1124 1303 esse
1145 1273 1182 1303 et
1204 1264 1234 1302 si
1256 1265 1337 1303 istis
1359 1264 1540 1314 placebit,

212 1347 293 1383 quo
318 1332 439 1382 magis
460 1334 607 1370 factum
629 1340 805 1370 nostrum
828 1333 973 1371 Caesar
993 1332 1133 1382 probet
1163 1332 1273 1381 quasi
1302 1333 1352 1370 de
1382 1345 1541 1369 suorum

212 1398 406 1436 sententia
431 1399 587 1444 factum,
611 1397 874 1436 adhibeantur
893 1398 1130 1441 Trebonius,
1153 1400 1290 1443 Pansa,
1314 1397 1345 1435 si
1368 1397 1434 1446 qui
1463 1396 1539 1443 alii,

212 1463 464 1513 scribantque
509 1464 560 1501 ad
609 1464 818 1502 Caesarem
854 1476 917 1501 me
956 1462 1145 1512 quicquid
1185 1462 1342 1500 fecerim
1382 1463 1432 1500 de
1472 1475 1541 1500 sua
1563 1474 1603 1495 20

213 1528 408 1567 sententia
428 1528 576 1566 fecisse.

169 1607 195 1644 4
267 1594 421 1631 Tulliae
443 1607 552 1631 meae
570 1593 730 1631 morbus
747 1600 784 1630 et
801 1592 1047 1631 imbecillitas
1064 1593 1237 1643 corporis
1254 1606 1316 1631 me
1333 1591 1540 1631 exanimat.

214 1662 346 1708 Quam
374 1659 444 1697 tibi
471 1658 655 1708 intellego
676 1671 841 1708 magnae
861 1672 977 1697 curae
1003 1672 1098 1705 esse,
1123 1660 1231 1708 quod
1258 1667 1316 1697 est
1344 1657 1438 1695 mihi
1462 1670 1542 1706 gra-

170 1732 195 1771 5
213 1725 418 1763 tissimum.
480 1726 541 1762 De
564 1723 729 1773 Pompei
749 1723 853 1762 exitu
884 1724 979 1761 mihi
1009 1724 1176 1763 dubium
1208 1736 1426 1773 numquam
1456 1722 1538 1760 fuit.

212 1792 341 1827 Tanta
361 1789 467 1827 enim
488 1788 710 1838 desperatio
730 1802 857 1826 rerum
879 1789 962 1827 eius
991 1789 1169 1827 omnium
1195 1802 1328 1838 regum
1357 1795 1395 1826 et
1419 1800 1541 1837 popu-
1563 1799 1599 1829 25

210 1857 335 1893 lorum
366 1854 519 1892 animos
553 1862 764 1903 occuparat
795 1862 836 1892 ut
863 1868 1117 1904 quocumque
1145 1854 1316 1892 venisset
1336 1854 1412 1891 hoc
1433 1860 1541 1902 puta-

209 1934 290 1958 rem
312 1921 495 1957 futurum.
556 1920 649 1956 Non
671 1933 831 1969 possum
855 1919 938 1957 eius
964 1933 1098 1957 casum
1124 1933 1205 1957 non
1227 1920 1383 1965 dolere3
1417 1917 1540 1955 homi-

162 1989 190 2026 6
211 1999 301 2023 nem
318 1985 422 2023 enim
438 1985 630 2034 integrum
647 1992 685 2022 et
699 1993 849 2022 castum
864 1993 901 2022 et
914 1999 1070 2034 gravem
1087 1983 1264 2034 cognovi.
1313 1985 1373 2021 De
1389 1982 1540 2020 Fannio

211 2051 391 2088 consoler
411 2051 478 2088 te?
535 2049 759 2088 Perniciosa
779 2049 1014 2099 loquebatur
1043 2050 1093 2087 de
1124 2047 1328 2086 mansione
1357 2055 1433 2085 tua.
1496 2048 1537 2084 L.

254 2154 273 2182 4
299 2143 331 2172 in
350 2143 506 2173 omnibus
523 2143 675 2182 partibus
693 2140 739 2170 W
868 2143 889 2171 6
912 2140 1028 2179 adimi]
1049 2140 1099 2170 lzic
1113 2140 1229 2170 desinit
1248 2139 1293 2168 W
1411 2149 1427 2177 7
1454 2137 1538 2177 non]

212 2197 300 2217 nunc
323 2187 493 2217 Tunstall:
520 2187 621 2216 modo
639 2185 725 2215 Reid
824 2185 855 2223 8,
872 2195 894 2224 9
920 2184 1064 2222 Reliquo
1084 2184 1155 2213 r'lzoc
1168 2194 1207 2213 ex
1220 2182 1366 2221 Emesti)
1385 2187 1539 2221 tempore

212 2241 264 2260 me
277 2231 366 2260 domi
380 2230 473 2260 tenui
485 2229 678 2269 Hosmamz:
703 2228 878 2267 Recipiam
891 2227 945 2266 (sc.
961 2227 1093 2265 lictores)
1108 2231 1257 2266 tempore
1271 2227 1404 2256 idoneo.
1443 2226 1539 2256 Mitte

212 2284 301 2305 nunc
316 2274 396 2304 coni.
417 2273 501 2303 Boot
603 2273 751 2311 Oppium
772 2271 813 2302 C:
838 2271 997 2310 oppidum
1015 2270 1102 2301 codd.
1210 2275 1244 2300 et
1262 2269 1401 2300 Balbum
1419 2270 1539 2308 scripsi

211 2318 285 2348 add.
307 2317 494 2353 Lehmann,
512 2316 615 2355 etfire
630 2316 713 2346 idem
730 2314 845 2345 Lamb.
980 2324 1019 2344 10
1041 2324 1187 2353 quonam
1204 2313 1307 2343 Boot:
1331 2318 1364 2343 et
1381 2313 1539 2352 quoniam

210 2361 322 2392 codd:
356 2366 388 2390 et
414 2371 559 2399 quonam
584 2359 783 2389 Lehmann:
818 2368 1005 2396 ecquonam
1036 2368 1112 2388 cum
1137 2356 1320 2396 Sternkopf
1410 2356 1449 2386 iis
1475 2355 1541 2385 OR

212 2404 345 2434 Muller:
361 2404 415 2434 his
426 2404 514 2434 ceteri
522 2403 610 2434 codd.
618 2402 798 2442 Sternkopf
838 2412 875 2440 14
894 2402 939 2431 Ea
949 2401 1371 2440 spondentconfirrnantnt
1374 2400 1540 2438 glossema

211 2449 278 2479 secl.
298 2447 383 2478 Reid
486 2448 525 2477 16
549 2445 685 2485 ingero]
703 2456 769 2475 non
789 2446 920 2483 integra
938 2445 1046 2475 Koch:
1070 2454 1175 2484 pergo
1192 2443 1277 2474 Reid
1289 2443 1357 2474 coll.
1375 2443 1420 2474 iii.
1437 2453 1487 2482 15.
1505 2452 1525 2481 5
