1742 2651
148 123 184 158 >4

189 122 232 159 .i
594 124 647 159 M.
681 123 848 159 TVLLI
880 123 1186 161 CICERONIS

227 232 356 271 minus
387 235 494 283 quod
527 248 607 272 non
638 233 778 271 dubito
808 233 903 282 quid
937 234 1052 272 nobis
1083 236 1281 284 agendum
1314 243 1452 285 putes3
1485 235 1551 286 qui

226 297 331 335 enim
350 298 483 336 Flavio
505 298 698 347 legionem
721 305 759 335 et
780 297 952 335 Siciliam
969 298 1052 336 dari
1074 298 1219 337 scribas
1240 307 1278 338 et
1299 300 1338 338 id
1360 300 1436 338 iam
1458 301 1549 347 fieri,

225 375 326 412 quae
348 370 387 400 tu
409 364 554 400 scelera
575 362 713 412 partim
736 362 860 411 parari
881 362 958 400 iam
979 370 1017 401 et
1038 363 1208 413 cogitari,
1232 364 1371 414 partim
1393 378 1438 402 ex
1459 372 1552 402 tem-

225 440 319 476 pore
349 427 477 464 futura
504 428 671 465 censes?
730 428 814 475 Ego
836 440 927 464 vero
953 427 1121 471 Solonis,
1144 428 1342 477 popularis
1370 428 1424 466 tui
1451 434 1487 466 et
1511 437 1552 467 ut

225 498 321 541 puto
342 491 459 529 etiam
482 491 572 538 mei,
593 493 719 540 legem
742 493 955 541 neglegam,
981 492 1047 541 qui
1075 492 1202 542 capite
1228 493 1352 531 sanxit
1374 493 1404 531 Si
1426 494 1491 543 qui
1513 494 1552 531 in

225 554 419 594 seditione
439 569 520 594 non
541 555 698 594 alterius
719 555 842 593 utrius
863 555 981 605 partis
1002 556 1148 603 fuisset,
1167 563 1210 604 et,
1234 557 1307 594 nisi
1329 557 1360 595 si
1381 564 1422 595 tu
1443 558 1552 596 aliter

225 633 371 666 censes,
399 628 437 658 et
467 620 559 658 hinc
588 621 708 659 abero
736 627 774 658 et
801 620 906 658 illim.
968 622 1045 659 Sed
1072 623 1237 659 alterum
1268 621 1364 659 mihi
1391 629 1449 660 est
1476 637 1553 660 cer-

226 684 311 730 tius,
336 699 408 723 nec
430 685 662 735 praeripiam
684 693 827 722 tamen.
880 687 1130 735 Exspectabo
1152 693 1261 723 tuum
1284 687 1492 725 consilium
1514 696 1552 726 et

224 764 289 789 eas
310 751 469 797 litteras,
491 750 565 788 nisi
585 750 680 788 alias
707 749 783 788 iarn
806 750 949 788 dedisti
970 764 1067 800 quas
1095 750 1229 800 scripsi
1254 759 1296 789 ut
1318 753 1551 802 Cephalioni

226 817 348 855 dares.

181 892 206 929 3
281 882 403 930 Quod
433 880 579 927 scribis,
610 894 690 919 non
719 894 799 930 quo
833 881 1016 919 alicunde
1049 882 1229 930 audieris,
1262 884 1331 921 sed
1358 891 1396 922 te
1423 883 1550 934 ipsum

224 954 361 996 putare
394 960 456 985 me
487 953 694 984 attractum
727 946 784 993 iri,
815 946 846 984 si
875 948 925 984 de
957 960 1053 997 pace
1083 956 1228 997 agatur,
1261 948 1358 986 mihi
1388 949 1552 988 omnino

224 1027 305 1052 non
326 1013 431 1052 venit
458 1013 497 1051 in
527 1021 700 1051 mentem
729 1026 830 1063 quae
859 1013 982 1062 possit
1009 1013 1112 1051 actio
1139 1027 1223 1051 esse
1250 1015 1300 1052 de
1330 1028 1439 1064 pace,
1460 1029 1549 1052 cum

223 1078 276 1116 illi
298 1078 557 1117 certissimum
580 1079 639 1125 sit,
663 1078 693 1116 si
715 1078 851 1128 possit,
865 1078 1080 1128 exspoliare
1102 1078 1272 1117 exercitu
1293 1087 1331 1117 et
1351 1080 1552 1129 provincia

224 1144 483 1194 Pompeium;
513 1143 586 1181 nisi
614 1145 712 1181 forte
739 1143 811 1181 iste
839 1143 1081 1181 nummarius
1102 1143 1137 1181 ei
1158 1150 1288 1193 potest
1318 1146 1550 1193 persuadere

224 1216 276 1256 ut,
300 1210 394 1247 dum
418 1216 589 1247 oratores
614 1216 704 1246 eant
732 1209 904 1255 redeant,
927 1208 1113 1257 quiescat.
1176 1208 1285 1245 Nihil
1305 1208 1421 1247 video
1441 1211 1549 1259 quod

223 1287 375 1324 sperem
392 1281 458 1312 aut
475 1275 582 1323 quod
604 1274 681 1311 iam
702 1281 838 1323 putem
855 1272 936 1311 fieri
957 1287 1082 1322 posse.
1128 1275 1205 1311 Sed
1228 1281 1358 1312 tamen
1379 1275 1550 1313 hominis

222 1340 298 1377 hoc
325 1338 453 1388 ipsum
480 1338 591 1388 probi
620 1346 677 1376 est
700 1343 720 1378 †
735 1351 920 1387 magnum
943 1337 1015 1377 sit†
1035 1342 1106 1376 τῶν
1125 1341 1422 1378 πολιτικωτάτων
1441 1358 1551 1390 σκεμ-

221 1406 356 1455 μάτων,
377 1403 670 1442 veniendumne
692 1403 739 1441 sit
767 1403 805 1440 in
834 1402 1041 1441 consilium
1073 1403 1224 1452 tyranni
1246 1403 1277 1441 si
1298 1403 1329 1441 is
1349 1404 1479 1454 aliqua
1499 1407 1549 1444 de

222 1484 262 1509 re
283 1471 388 1509 bona
408 1469 692 1508 deliberaturus
713 1468 772 1505 sit.
819 1470 909 1517 Qua
926 1482 964 1506 re
982 1467 1012 1505 si
1030 1468 1125 1517 quid
1143 1469 1226 1506 eius
1249 1469 1356 1507 modi
1379 1470 1549 1508 evenerit

222 1543 264 1574 ut
284 1548 524 1573 arcessamur
539 1534 663 1583 (quod
685 1533 869 1582 equidem
891 1546 970 1571 non
992 1535 1120 1571 credo.
1168 1534 1276 1582 Quid
1297 1534 1402 1571 enim
1423 1548 1549 1572 essem

222 1602 272 1639 de
301 1614 398 1651 pace
428 1599 632 1637 dicturus?
665 1597 755 1644 dixi,
785 1598 868 1646 ipse
898 1599 1010 1635 valde
1041 1598 1292 1648 repudiavit),
1319 1600 1387 1637 sed
1417 1606 1549 1637 tamen

223 1666 252 1704 si
293 1665 389 1716 quid
426 1663 622 1710 acciderit,
663 1663 759 1713 quid
799 1676 959 1700 censeas
1008 1663 1103 1700 mihi
1152 1663 1376 1702 faciendum
1415 1664 1550 1713 utique

223 1731 392 1770 scribito.
466 1728 574 1766 Nihil
615 1728 719 1766 enim
760 1727 856 1764 mihi
895 1728 1025 1765 adhuc
1064 1728 1207 1766 accidit
1247 1729 1354 1778 quod
1394 1729 1549 1767 maioris

222 1797 361 1836 consili
391 1803 501 1834 esset.

270 1914 283 1933 1
310 1903 364 1941 qui
395 1901 605 1942 ll⁷ese11he1g;
638 1902 715 1932 ordo
743 1902 912 1932 verborum
939 1906 976 1932 ut
1000 1903 1032 1932 in
1061 1902 1098 1941 Q.
1131 1902 1185 1932 Fr.
1213 1902 1232 1932 i.
1264 1911 1288 1932 1.
1314 1912 1372 1940 17:
1405 1901 1484 1940 quid
1512 1899 1552 1931 M

222 1957 242 1985 4
267 1951 299 1976 et
316 1945 390 1976 add.
411 1945 431 1974 I
603 1956 622 1984 5
648 1946 765 1986 etiam]
785 1947 916 1976 iamiam
938 1946 1121 1976 Gronovius
1276 1947 1297 1975 6
1321 1951 1354 1975 et
1370 1944 1446 1975 add.
1467 1945 1552 1975 Boot

223 2001 240 2029 7
266 1990 345 2020 illim
374 1989 494 2021 Orclli:
528 1991 584 2020 filii
611 1989 653 2019 M
831 1991 850 2019 8
876 1989 1076 2029 praeripiam
1103 1989 1145 2018 M
1161 1988 1318 2019 Graevius
1332 1988 1491 2027 Schmidt,
1512 1989 1550 2027 ‘f-

223 2034 266 2064 ix.
288 2044 334 2072 17.
358 2044 368 2063 1
386 2045 391 2063 ι
419 2034 623 2073 praecipiam
641 2034 658 2063 l
674 2034 760 2074 vulg.
894 2044 928 2063 11
955 2033 1112 2063 alicunde
1131 2033 1191 2063 M:
1217 2033 1351 2062 aliunde
1368 2032 1389 2061 I
1512 2042 1549 2071 15

223 2077 427 2107 nummarius
451 2078 545 2107 Man.
563 2089 571 2111 ,·
606 2078 691 2108 idem
720 2077 848 2108 videtin·
873 2087 937 2107 csse
969 2081 1065 2116 atquc
1092 2081 1227 2116 emptus
1253 2076 1448 2116 pacificator
1469 2079 1484 2112 ξ
1507 2087 1548 2106 2:

222 2122 421 2152 summarius
435 2121 475 2151 Μ
489 2122 579 2160 quod
592 2133 654 2152 voc.
665 2123 696 2151 si
710 2122 862 2151 retinetur
873 2120 1150 2161 z'ntmssretandum
1168 2124 1227 2150 aut
1240 2122 1247 2137 ⁴
1260 2120 1392 2159 infitior
1400 2119 1531 2149 Marius
1541 2118 1548 2132 ’

225 2166 276 2204 (css.
296 2164 482 2195 ‘Subballio
494 2164 502 2176 ‘
520 2165 630 2194 Plani.
647 2164 763 2195 Pseud.
781 2166 861 2203 607)
879 2168 937 2194 cml
954 2168 991 2194 ut
1006 2165 1199 2203 alia-forma
1215 2164 1302 2194 verbi
1316 2166 1323 2179 ‘
1335 2162 1548 2203 sagmarius’

223 2210 243 2240 i.
261 2221 289 2248 q.
312 2211 320 2227 ‘
331 2220 434 2247 equus
451 2209 634 2238 clitellarius
647 2210 654 2220 ’
673 2208 761 2247 quod
775 2209 844 2238 vult
860 2207 1013 2238 Schmidt
1247 2209 1286 2236 16
1310 2212 1387 2238 eant
1409 2208 1550 2237 redeant

222 2253 426 2283 Beroaldus:
466 2257 602 2283 cantent
641 2253 773 2282 rideant
807 2252 864 2281 M:
903 2257 979 2281 eant
1015 2257 1049 2281 et
1084 2252 1223 2281 redeant
1255 2249 1331 2281 Vici.
1510 2252 1549 2280 18

223 2307 380 2335 magnum
408 2295 466 2335 sit]
491 2301 525 2326 et
551 2306 708 2333 magnum
733 2308 762 2325 τι
786 2295 994 2335 IVesr’nbezg:
1032 2299 1066 2324 ut
1090 2305 1156 2324 non
1182 2305 1339 2332 magnum
1361 2295 1403 2324 sit
1432 2293 1553 2333 73¹7‘rell

223 2352 261 2370 21
289 2341 390 2371 credo
408 2340 485 2370 coni.
507 2340 612 2369 Boot:
636 2350 716 2369 curo
732 2338 817 2369 codd.
837 2351 843 2368 z
868 2343 948 2377 puto
965 2338 1053 2368 Koch
1155 2337 1244 2376 Quid
1263 2361 1269 2368 .
1289 2362 1296 2368 .
1315 2362 1321 2368 .
1343 2337 1547 2377 repudiavit]

224 2385 267 2414 ita
281 2384 481 2424 z'ntety‘umxit
493 2382 644 2413 Schmidt
658 2394 663 2412 :
689 2383 778 2421 Quid
796 2406 803 2412 .
823 2406 830 2413 .
851 2406 857 2412 .
876 2382 1037 2420 dicturus,
1053 2382 1122 2411 dixi
1138 2392 1146 2419 3
1164 2382 1237 2420 ipse
1250 2381 1346 2411 valde
1359 2381 1549 2419 repudiavit

224 2429 311 2467 vulg.
333 2439 340 2466 3
364 2427 420 2457 scd
433 2430 585 2466 exspt'ctcs
601 2427 688 2466 quod
706 2437 712 2455 :
738 2426 822 2464 sort.
843 2425 1011 2464 Quicquid

1573 834 1611 856 10

1571 1484 1610 1505 20

1570 1822 1582 1828 t
1570 1808 1582 1819 α

1591 1808 1608 1839 ‘1¹
