1742 2651
41 101 159 138 XIII.
185 100 363 138 xxxiiia
564 100 621 137 M.
652 99 821 136 TVLLI
853 98 1160 137 CICERONIS

193 214 413 263 paenulam.
487 213 640 249 Tamen
682 218 951 249 remanserunt
994 209 1216 260 ceciditque
1259 209 1370 247 belle.
1448 210 1527 247 Sed

192 292 284 316 casu
315 290 443 315 sermo
472 291 495 315 a
522 276 718 326 Capitone
748 277 797 313 de
829 275 923 313 urbe
952 276 1144 324 augenda,
1172 288 1195 312 a
1223 282 1344 325 ponte
1374 273 1526 312 Mulvio

192 343 367 381 Tiberim
403 342 495 381 duci
525 343 745 380 secundum
777 340 921 378 montis
952 339 1176 386 Vadcanos,
1209 353 1394 389 campum
1426 341 1527 376 Mar-

192 408 289 446 tium
329 407 588 453 coaedificari,
625 406 735 443 illum
773 414 905 443 autem
945 418 1130 455 campum
1169 404 1406 441 Vaticanum
1446 403 1526 441 fieri

191 473 302 523 quasi
335 472 523 510 Martium
558 484 754 520 campum.
818 469 951 519 ‘Quid
981 469 1094 507 ais?'
1134 469 1295 518 inquam
1312 484 1321 516 3
1362 472 1423 506 ‘at
1453 482 1526 517 ego

191 540 241 576 ad
264 538 436 576 tabulam
459 545 511 584 ut,
535 536 567 574 si
594 544 697 574 recte
724 549 893 586 possem,
917 537 1159 585 Scapulanos
1180 535 1338 572 hortos.⁷
1399 534 1527 572 ‘Cave

192 604 308 642 facias
326 606 332 620 ⁷
354 603 505 653 inquit:
537 606 545 622 ‘
559 615 650 640 nam
679 601 751 639 ista
779 603 839 639 lex
864 602 1101 651 perferetur3
1129 601 1210 638 vult
1231 599 1336 637 enim
1358 600 1526 638 Caesar.⁷

192 668 340 706 Audire
361 681 424 705 me
445 667 557 705 facile
578 680 715 716 passus
737 680 834 712 sum,
859 665 939 703 fieri
960 673 1092 703 autem
1114 666 1278 702 moleste
1299 666 1390 702 fero.
1448 665 1526 702 Sed

192 742 233 771 tu
255 733 349 783 quid
371 733 456 770 ais?
514 733 767 781 Quamquam
790 731 886 781 quid
907 733 1083 780 quaero?
1140 729 1256 767 Nosti
1283 729 1525 779 diligentiam

193 798 397 849 Capitonis
444 798 483 836 in
526 798 642 836 rebus
687 797 798 835 novis
845 796 1126 846 perquirendis.
1205 797 1298 833 Non
1343 795 1526 834 concedit

194 864 371 903 Camillo.
434 863 568 901 Facies
591 877 653 901 me
678 863 791 912 igitur
812 862 1016 900 certiorem
1038 863 1088 899 de
1111 861 1260 899 Idibus.
1321 862 1401 898 Ista
1422 861 1527 899 enim

194 943 257 967 me
284 943 342 967 res
372 929 607 967 adducebat.
669 930 729 965 Eo
757 927 1011 965 adiunxeram
1043 934 1190 964 ceteras
1212 939 1308 975 quas
1338 926 1527 975 consequi

196 1002 327 1032 tamen
349 994 472 1033 biduo
493 1002 559 1032 aut
581 994 711 1032 triduo
731 1001 820 1043 post
841 993 953 1030 facile
974 1000 1121 1042 potero.
1175 993 1234 1029 Te
1255 999 1386 1028 tamen
1408 991 1447 1028 in
1467 991 1528 1028 via

91 1065 177 1105 2(5)
197 1060 338 1098 confici
373 1060 534 1098 minime
566 1061 680 1101 volo:
723 1059 818 1108 quin
852 1059 970 1097 etiam
1008 1057 1199 1106 Dionysio
1234 1057 1405 1106 ignosco.
1467 1058 1528 1094 De

198 1127 319 1164 Bruto
348 1127 456 1175 quod
487 1125 633 1171 scribis,
666 1125 739 1163 feci
770 1132 811 1162 ut
842 1124 877 1162 ei
907 1125 1072 1162 liberum
1103 1131 1216 1170 esset,
1247 1124 1356 1172 quod
1385 1124 1435 1160 ad
1466 1136 1529 1160 me

193 1190 384 1228 attineret.
445 1190 588 1241 Scripsi
610 1190 714 1228 enim
735 1191 785 1228 ad
807 1203 897 1228 eum
919 1189 1000 1227 heri
1024 1188 1162 1227 Idibus
1190 1187 1272 1225 eius
1294 1201 1412 1236 opera
1433 1187 1527 1224 mihi

195 1255 291 1293 nihil
312 1269 412 1306 opus
432 1270 527 1295 esse.

240 1456 437 1492 XXXIV
526 1457 593 1490 Ser.
614 1457 760 1489 Asturae
775 1459 809 1489 vi
822 1457 865 1489 K.
886 1457 975 1489 Sext.
995 1469 1025 1489 a.
1049 1468 1107 1498 709
1126 1458 1208 1499 (45).

617 1551 788 1583 CICERO
819 1552 1000 1582 ATTICO
1029 1551 1132 1583 SAL.

254 1654 436 1689 Asturam
471 1648 560 1687 veni
593 1661 666 1686 Vlll
706 1649 792 1685 Kal.
827 1649 978 1697 vesperi.
1053 1647 1216 1686 Vitandi
1251 1647 1355 1685 enim
1390 1645 1528 1684 caloris

199 1730 315 1755 causa
347 1714 498 1753 Lanuvi
529 1714 595 1751 tris
626 1715 741 1751 horas
771 1713 1056 1763 acquieveram.
1117 1715 1179 1750 Tu
1207 1712 1333 1758 velim,
1358 1711 1388 1749 si
1415 1724 1529 1761 grave

198 1796 278 1820 non
300 1781 381 1827 erit,
405 1779 549 1818 efficias
570 1793 619 1817 ne
640 1786 731 1816 ante
754 1780 890 1816 Nonas
913 1778 1007 1815 mihi
1030 1779 1121 1816 illuc
1142 1778 1381 1816 veniendum
1404 1776 1450 1814 sit
1472 1776 1530 1825 (id

199 1855 310 1898 potes
331 1861 399 1897 per
418 1846 627 1896 Egnatium
647 1846 896 1895 Maximum),
914 1847 1009 1885 illud
1031 1846 1070 1883 in
1092 1845 1236 1896 primis,
1253 1857 1343 1882 curn
1362 1841 1530 1880 Publilio

200 1926 262 1950 me
283 1913 446 1950 absente
466 1911 663 1950 conficias.
726 1914 786 1950 De
807 1925 887 1962 quo
908 1925 1009 1961 quae
1030 1913 1133 1949 fama
1154 1910 1201 1948 sit
1223 1909 1378 1947 scribes.

552 1978 623 2015 ‘Id
654 1979 823 2027 populus
853 1984 961 2014 curat
991 1976 1183 2015 scilicetl⁷

201 2045 293 2082 Non
312 2056 373 2080 me
390 2044 548 2080 hercule
564 2042 728 2080 arbitror
744 2057 753 2089 3
784 2042 929 2080 etenim
947 2043 1044 2080 hacc
1061 2043 1269 2080 decantata
1289 2046 1369 2078 erat
1385 2039 1526 2076 fabula.

247 2159 259 2178 1
287 2150 475 2188 ceciditque
496 2149 525 2179 O
543 2149 630 2179 Crat.
650 2148 766 2179 codices
784 2147 881 2177 Bosi:
911 2147 1084 2185 cecidique
1102 2145 1151 2176 P:
1177 2144 1284 2175 cecidi
1303 2149 1330 2174 Δ
1348 2143 1383 2175 I:
1410 2142 1530 2173 cecidit

202 2193 301 2224 Rom.
396 2194 479 2223 Sedl
499 2193 628 2223 scilicet
651 2192 840 2231 chsenbetg
970 2201 989 2228 3
1014 2191 1089 2220 duci
1109 2188 1154 2220 C:
1179 2189 1276 2228 pauci
1294 2191 1366 2218 ΣΔ;
1392 2186 1530 2226 perduci

202 2236 324 2267 Rosius
417 2247 452 2276 15
480 2237 586 2266 Bruto
606 2235 713 2266 CP01
732 2247 739 2265 :
765 2236 870 2273 hyuto
883 2234 939 2264 M:
967 2233 1081 2264 Hirtio
1102 2232 1146 2263 Ο2
1166 2232 1251 2262 Crat.
1266 2231 1367 2262 Rom.
1384 2231 1404 2260 I
1493 2231 1532 2260 16

205 2281 318 2311 Idibus
341 2280 460 2311 Illam:
496 2281 544 2312 Id.
565 2279 641 2310 maii
668 2278 729 2309 M:
756 2279 871 2309 Idibus
898 2279 1027 2308 Romae
1052 2276 1205 2307 Schmidt
1291 2286 1333 2305 20
1352 2278 1427 2314 post
1452 2273 1527 2304 Kal.

202 2324 280 2356 add.
300 2325 354 2356 iul.
374 2323 423 2361 My
440 2324 517 2355 add.
531 2323 665 2363 vesperi
680 2326 753 2362 post
768 2322 843 2352 veni
860 2320 983 2351 Srln‘ilz
1094 2331 1134 2359 23
1159 2323 1232 2350 ante
1251 2330 1326 2350 cum
1350 2317 1425 2348 add.
1449 2322 1484 2346 ut
1501 2317 1530 2346 L

203 2368 343 2408 (marg.)
360 2378 389 2397 v.
404 2378 426 2398 c.
445 2362 488 2396 Z'
672 2377 713 2404 24
739 2376 792 2396 me
810 2366 950 2396 absente
967 2364 1091 2395 Scltz'ilz
1107 2364 1174 2395 coll.
1194 2373 1233 2401 47
1246 2374 1265 2393 a
1283 2373 1301 2392 2
1319 2374 1325 2393 z
1350 2372 1424 2391 mea
1441 2371 1530 2400 pene

202 2412 344 2442 absente
360 2411 417 2441 M:
443 2422 495 2441 me
512 2415 654 2450 apsente
673 2409 808 2441 Mz‘iller:
836 2420 889 2439 me
906 2413 1087 2448 praesente
1104 2407 1243 2438 absente
1260 2405 1451 2444 Peerlkamp

1549 811 1586 832 lo

1551 1658 1589 1679 20
