1742 2651
533 151 645 188 EPP.
678 150 756 187 AD
786 150 1046 188 ATTICVM
1414 150 1484 188 IX.
1507 150 1569 188 vii

142 267 259 310 parte,
279 260 309 298 si
326 260 423 298 illim
444 259 680 299 beneficium
701 273 780 298 non
796 259 854 306 sit,
876 260 1016 298 rectius
1038 268 1172 310 putem
1190 260 1345 310 quidvis
1361 260 1471 299 domi

141 326 300 376 perpeti.
360 327 438 364 Sed
468 326 520 364 ita
550 325 736 364 meruisse
766 325 874 363 illum
906 327 956 364 de
987 339 1049 364 me
1071 334 1167 376 puto
1189 334 1231 364 ut
1253 328 1472 378 ἀχαριστίας

141 392 287 430 crimen
318 392 447 430 subire
478 405 560 430 non
589 392 768 437 audeam,
801 404 1042 441 quamquam
1072 405 1095 429 a
1129 400 1166 430 te
1197 392 1279 430 eius
1309 406 1469 443 quoque

140 457 193 495 rei
214 457 315 496 iusta
334 457 514 496 defensio
534 466 590 496 est
612 457 812 507 explicata.

100 536 117 567 5
195 524 256 560 De
281 522 480 573 triumpho
507 523 577 561 tibi
598 523 798 561 adsentior
818 536 936 572 quem
959 523 1120 573 quidem
1143 531 1268 563 totum
1291 524 1403 563 facile
1430 533 1468 563 et
1486 530 1511 569 5

138 588 304 626 libenter
332 588 524 627 abiecero.
597 588 761 638 Egregie
788 589 914 637 probo
945 589 1026 626 fore
1057 596 1109 635 ut,
1142 590 1237 627 dum
1268 604 1465 640 vagamur,

138 656 157 693 ὁ
182 655 300 694 πλόος
332 656 463 704 ὡραῖος
493 654 666 703 obrepat.
729 652 790 691 ‘Si
823 653 966 691 modo’
997 653 1127 703 inquis
1158 655 1273 693 ‘satis
1300 655 1363 693 ille
1397 655 1468 693 erit

138 720 297 758 firmus.'
355 721 425 757 Est
446 718 593 757 firmior
613 718 730 757 etiam
752 732 869 768 quam
892 719 1138 768 putabamus.
1201 722 1262 758 De
1283 720 1357 758 isto
1378 720 1468 759 licet

138 786 240 824 bene
271 798 412 835 speres.
484 783 675 822 Promitto
710 783 790 830 tibi,
827 783 857 821 si
890 784 1044 830 valebit,
1083 786 1251 834 tegulam
1288 785 1397 823 illum
1428 785 1467 823 in

80 866 117 888 10
137 850 252 889 Italia
282 851 430 887 nullam
470 849 705 887 relicturum.
779 850 912 887 ‘Tene
945 849 1059 899 igitur
1097 850 1255 888 socio?⁷
1319 852 1468 890 Contra

137 930 200 954 me
223 916 382 953 hercule
403 928 536 953 meum
557 913 748 952 iudicium
774 921 811 952 et
841 922 977 952 contra
1004 914 1182 952 omnium
1213 915 1466 965 antiquorum

135 979 419 1026 auctoritatem,
453 993 525 1017 nec
564 986 643 1017 tarn
678 986 720 1016 ut
755 978 819 1016 illa
851 979 1033 1018 adiuvem
1068 993 1186 1029 quam
1219 988 1260 1018 ut
1290 982 1387 1019 haec
1417 995 1467 1020 ne

135 1045 289 1083 videam
311 1044 428 1094 cupio
449 1044 662 1083 discedere.
709 1044 803 1081 Noli
821 1043 926 1082 enim
944 1052 1080 1094 putare
1097 1045 1308 1084 tolerabilis
1326 1047 1465 1084 horum

136 1110 305 1148 insanias
332 1123 406 1147 nec
435 1109 550 1147 unius
581 1108 689 1147 modi
719 1110 810 1147 fore.
873 1109 955 1147 Etsi
989 1110 1084 1159 quid
1118 1118 1156 1149 te
1185 1112 1324 1148 horum
1356 1111 1462 1161 fugit,

78 1190 113 1222 15
135 1176 296 1227 legibus
331 1174 495 1221 iudiciis,
533 1181 669 1213 senatu
710 1175 865 1212 sublato
900 1174 1094 1223 libidines,
1131 1175 1326 1222 audacias
1364 1190 1466 1214 sum-

135 1249 235 1292 ptus,
272 1248 463 1290 egestates
493 1247 550 1277 tot
579 1239 921 1289 egentissimorum
957 1240 1164 1278 hominum
1192 1255 1265 1279 nec
1298 1241 1464 1290 privatas

135 1320 251 1358 posse
282 1320 341 1344 res
376 1319 450 1344 nec
481 1318 562 1343 rem
595 1305 794 1354 publicam
835 1305 1056 1344 sustinere?
1112 1307 1315 1344 Abeamus
1351 1307 1465 1357 igitur

134 1372 227 1411 inde
247 1371 422 1421 qualibet
442 1370 716 1420 navigatione3
745 1370 816 1408 etsi
842 1370 881 1409 id
904 1371 1065 1420 quidem
1095 1379 1136 1408 ut
1164 1370 1233 1408 tibi
1255 1371 1464 1418 videbitur,

134 1439 203 1476 sed
224 1444 327 1474 certe
348 1437 547 1474 abeamus,
608 1435 784 1473 Sciemus
807 1435 923 1484 enim,
948 1436 986 1474 id
1009 1437 1116 1486 quod
1139 1444 1351 1486 exspectas,
1367 1436 1463 1486 quid

76 1518 114 1539 20
135 1501 318 1540 Brundisi
339 1508 471 1539 actum
493 1499 551 1537 sit.

188 1566 309 1604 Bonis
358 1566 446 1604 viris
487 1568 596 1617 quod
636 1567 691 1606 ais
733 1568 888 1618 probari
928 1582 1028 1618 quae
1076 1570 1207 1607 adhuc
1255 1568 1509 1609 fecerimusfi

132 1631 299 1682 scirique
329 1632 379 1670 ab
407 1632 452 1670 iis
478 1646 544 1670 νιος
573 1646 653 1671 non
684 1634 880 1683 profectos
903 1635 1015 1672 valde
1036 1635 1201 1683 gaudeo,
1226 1634 1255 1671 si
1278 1641 1335 1672 est
1356 1647 1463 1672 nunc

132 1701 232 1737 ullus
262 1699 461 1749 gaudendi
488 1701 607 1738 locus.
670 1703 731 1739 De
754 1702 924 1738 Lentulo
954 1701 1198 1751 investigabo
1226 1701 1460 1752 diligentius.

133 1765 181 1803 Id
202 1764 386 1802 mandavi
408 1764 631 1812 Philotimo,
655 1765 806 1804 homini
828 1766 915 1804 forti
936 1780 981 1804 ac
1002 1766 1167 1804 nimium
1190 1766 1379 1816 optimati.

74 1843 110 1874 25
186 1831 415 1867 Extremum
451 1837 509 1868 est
540 1838 581 1868 ut
616 1830 686 1869 tibi
720 1839 994 1881 argumentum
1027 1833 1077 1869 ad
1108 1831 1361 1869 scribendum
1392 1833 1504 1878 for-7

131 1902 232 1933 tasse
263 1894 339 1933 iam
380 1895 491 1933 desit.
566 1897 651 1934 Nec
683 1896 788 1935 enim
823 1897 897 1935 alia
937 1899 986 1936 de
1019 1911 1057 1935 re
1090 1911 1195 1935 nune
1235 1899 1312 1935 ulla
1346 1897 1463 1935 scribi

131 1968 272 2010 potest,
294 1967 332 1998 et
361 1961 411 1999 de
441 1962 514 1998 hac
544 1960 639 2011 quid
669 1961 745 1999 iam
776 1962 944 2012 amplius
974 1961 1137 2000 inveniri
1170 1964 1327 2011 potest?
1383 1963 1462 2001 Sed

131 2025 319 2075 quoniam
341 2033 378 2063 et
395 2025 596 2076 ingenium
617 2027 842 2077 suppeditat
858 2027 965 2077 (dico
987 2041 1049 2065 me
1071 2028 1229 2065 hercule
1250 2035 1291 2065 ut
1317 2027 1461 2076 sentio)

130 2097 168 2129 et
187 2104 298 2129 amor
318 2104 398 2140 quo
419 2098 457 2129 et
478 2105 610 2129 meum
640 2091 841 2141 ingenium
871 2091 1062 2139 incitatur,
1086 2105 1212 2142 perge,
1237 2100 1278 2130 ut
1300 2092 1404 2139 facis,
1423 2100 1461 2131 et

71 2167 111 2196 30
130 2155 256 2193 scribe
277 2163 468 2205 quantum
491 2163 613 2205 potes.

177 2269 188 2287 1
218 2259 297 2289 illim
322 2260 451 2290 Baiter:
482 2260 526 2290 illi
554 2259 606 2289 M¹
754 2273 772 2300 4
798 2263 966 2301 explicata
987 2261 1101 2292 codices
1125 2262 1332 2303 llffalmpinae
1357 2263 1457 2303 vulg„

129 2302 166 2341 qf.
189 2303 222 2332 ii.
241 2313 291 2333 22.
311 2313 339 2341 5,
358 2314 387 2333 v.
407 2314 436 2342 5.
457 2314 476 2333 2
495 2316 501 2334 :
527 2304 687 2343 explicita
705 2303 746 2333 M
858 2308 878 2336 6
902 2316 1064 2344 vagamur
1082 2306 1274 2346 Malaspizsza
1292 2317 1298 2337 :
1322 2317 1461 2346 agamus

129 2344 170 2375 M
183 2345 333 2376 Schmidt
347 2347 413 2377 coll.
435 2351 449 2384 ᾗ
468 2357 488 2386 3
504 2347 524 2378 l.
542 2357 580 2376 12
683 2348 703 2377 8
728 2354 843 2388 putara
851 2359 924 2379 mus
941 2350 1017 2379 coni.
1036 2349 1225 2389 lVesenbng
1324 2360 1361 2389 15
1387 2355 1462 2380 ante

131 2390 264 2420 iudiciis
280 2390 355 2420 add.
375 2391 539 2421 iudicibus
556 2391 653 2420 Klotz
832 2404 869 2432 19
888 2397 964 2433 post
980 2394 1070 2423 enim
1087 2393 1164 2424 add.
1187 2394 1250 2423 iam
1273 2393 1464 2434 lVesenberg

130 2443 171 2462 22
198 2444 258 2463 nos
275 2433 350 2464 add.
369 2434 489 2464 Rosius

174 2486 236 2507 cxc.
256 2487 303 2507 AD
321 2487 393 2509 ΑΠ’.
1331 2482 1371 2512 20
