1742 2651
595 156 707 193 EPP.
739 157 817 193 AD
847 155 1107 194 ATTICVM
1431 157 1526 194 XII.
1550 156 1596 193 iv

183 267 261 303 Sed
290 280 379 304 vere
408 266 557 305 laudari
587 266 650 305 ille
680 267 736 304 vir
764 281 845 305 non
875 274 1004 317 potest
1034 267 1107 305 nisi
1134 268 1232 305 haec
1259 275 1395 305 ornata
1422 268 1510 315 sint,

182 332 291 379 quod
316 331 378 369 ille
405 345 451 369 ea
477 345 578 381 quae
606 346 712 369 nunc
739 340 829 370 sunt
858 340 895 370 et
920 333 1048 369 futura
1069 331 1207 370 viderit
1237 340 1274 370 et
1300 346 1348 370 ne
1376 334 1513 371 flerent

182 396 429 434 contenderit
461 404 499 434 et
531 398 632 435 facta
663 411 712 435 ne
746 397 895 435 videret
926 397 1045 434 vitam
1086 397 1292 446 reliquerit.
1355 399 1512 436 Horum

181 460 276 510 quid
298 470 355 499 est
377 462 484 510 quod
502 462 645 500 Aledio
665 463 831 512 probare
851 462 1077 512 possimus?
1115 463 1193 500 Sed
1215 476 1317 509 cura,
1333 463 1512 510 obsecro,

143 536 161 568 5
182 533 223 562 ut
243 527 371 563 valeas
393 540 561 576 eamque
582 541 701 576 quam
728 529 778 565 ad
806 527 934 565 omnis
962 541 1020 565 res
1047 527 1213 566 adhibes
1244 527 1283 565 in
1305 528 1440 578 primis
1460 529 1511 567 ad

181 592 539 629 convalescendum
560 593 706 631 adhibe
727 592 986 642 prudentiam.

222 742 263 776 V
439 745 509 777 Ser.
526 746 559 776 in
583 746 767 777 Tusculano
783 747 826 778 z'n.
846 758 888 778 m.
908 747 1022 787 Quint.
1041 758 1072 778 a.
1094 749 1156 787 703
1169 747 1261 789 (46).

595 835 764 866 CICERO
787 835 967 867 ATTICO
990 836 1098 868 SAL.

234 922 407 972 Quintus
428 931 537 973 pater
557 932 739 973 quartum
763 925 824 962 vel
851 924 981 974 potius
1009 924 1259 963 millesimum
1288 925 1383 963 nihil
1409 925 1508 976 sapit
1526 936 1544 963 1

121 1007 160 1029 10
180 987 247 1038 qui
271 990 435 1026 laetetur
459 990 640 1038 Luperco
665 988 744 1026 filio
771 997 809 1027 et
836 989 959 1026 Statio
986 997 1027 1026 ut
1054 997 1186 1027 cernat
1215 990 1363 1039 duplici
1393 992 1510 1029 dede-

179 1066 269 1093 core
290 1055 529 1091 cumulatam
551 1055 725 1091 domum.
785 1055 906 1092 Addo
927 1054 1043 1092 etiarn
1062 1054 1318 1092 Philotimum
1339 1055 1506 1093 tertium.

178 1119 214 1156 O
235 1118 450 1164 stultitiam,
474 1117 549 1155 nisi
570 1131 658 1156 mea
679 1118 801 1156 maior
822 1127 936 1165 esset,
958 1119 1192 1168 singularem
1211 1123 1216 1156 1
1247 1121 1355 1169 quod
1376 1128 1507 1158 autem

176 1197 219 1221 os
240 1183 281 1220 in
302 1184 403 1221 hanc
425 1196 505 1220 rem
533 1184 658 1233 ἔρανον
683 1198 706 1222 a
730 1187 792 1222 te!
851 1186 881 1222 F
883 1197 928 1222 ac
956 1198 1035 1222 non
1060 1185 1111 1222 ad
1139 1185 1327 1234 ίδιψῶσαν
1354 1187 1508 1235 κρήνην’

176 1250 245 1288 Sed
279 1250 329 1287 ad
362 1250 547 1298 Πειρήνην
575 1263 665 1287 eum
696 1249 860 1295 venisse,
895 1251 1114 1299 “ἅμπνευμα
1143 1252 1280 1300 σεμνὸν
1307 1250 1508 1300 Ἀλφειοῦ’

119 1332 155 1363 15
175 1315 213 1352 in
250 1323 287 1353 te
317 1316 479 1365 “’κρήνῃ,’
510 1323 551 1353 111
581 1315 727 1362 scribis,
760 1315 922 1362 haurire,
956 1315 995 1352 in
1025 1316 1141 1354 tantis
1172 1316 1250 1354 suis
1280 1305 1507 1366 praesertim

174 1381 372 1430 angustiis,
396 1384 462 1419 ποῖ
483 1384 596 1418 ταῦτα
621 1383 690 1431 ἄρα
717 1382 951 1430 ἀποσκήψει;
982 1382 1059 1419 Sed
1087 1381 1170 1430 ipse
1195 1381 1345 1419 Viderit.
1406 1383 1507 1421 Cato
1525 1393 1550 1421 2

175 1460 238 1485 1116
259 1446 420 1496 quidem
442 1448 622 1494 delectat,
647 1448 716 1485 sed
737 1446 855 1485 etiam
878 1448 1044 1484 Bassum
1067 1447 1262 1485 Lucilium
1284 1461 1363 1486 sua.

216 1599 257 1633 V
272 1611 296 1634 a
435 1601 504 1634 Scr.
521 1603 553 1633 1'12
577 1602 761 1633 Tusculano
774 1601 861 1642 prid.
878 1601 922 1631 K.
942 1601 1019 1632 Iun.
1037 1612 1068 1632 a.
1089 1611 1148 1641 709
1164 1603 1244 1643 (45).

586 1690 756 1721 CICERO
778 1689 960 1721 ATTICO
982 1688 1088 1721 SAL.

116 1795 155 1816 20
229 1781 290 1818 De
321 1780 457 1819 Caelio
488 1788 528 1818 tu
559 1793 732 1830 quaeres,
764 1788 805 1818 ut
835 1779 995 1826 scribis3
1034 1792 1106 1828 ego
1136 1779 1232 1816 nihil
1262 1780 1364 1818 novi.
1425 1782 1504 1819 No—

172 1847 318 1883 scenda
338 1854 469 1883 autem
491 1853 548 1883 est
570 1853 717 1891 natura,
736 1859 816 1883 non
838 1846 1001 1883 facultas
1018 1845 1149 1882 modo.
1202 1847 1264 1882 De
1286 1846 1503 1884 Hortensio

171 1918 208 1947 et
230 1910 416 1959 Verginio
443 1918 498 1952 tu,
520 1910 550 1947 si
572 1910 668 1959 quid
689 1910 899 1948 dubitabis.
952 1909 1035 1947 Etsi
1057 1910 1165 1958 quod
1194 1910 1316 1959 magis
1337 1912 1499 1960 placeat,

171 1988 243 2024 ego
271 1983 461 2024 quantum
492 1975 650 2024 aspicio,
673 1988 754 2012 non
784 1975 896 2013 facile
926 1974 1130 2012 inveneris.
1191 1975 1294 2013 Cum
1317 1977 1500 2023 Mustela,

171 2053 289 2089 quem
309 2041 361 2078 ad
383 2041 545 2078 modum
568 2039 714 2086 scribis,
738 2053 828 2077 cum
857 2040 1004 2078 venerit
1031 2040 1204 2089 Crispus.
1264 2041 1328 2079 Ad
1355 2041 1500 2079 Avium

215 2153 232 2181 7
255 2143 348 2182 Qum*
363 2142 507 2173 lradilm'
521 2143 654 2182 epistula
668 2143 781 2181 quinta
798 2154 871 2172 eam
884 2141 1033 2173 Sslnm'dt
1049 2143 1083 2173 in
1097 2148 1255 2182 quattuor
1263 2145 1368 2184 partis
1385 2144 1500 2177 divisit.

170 2185 246 2216 Iam
265 2187 395 2216 Ssln'slze
411 2198 447 2216 ex
463 2198 499 2216 ι’(ι
516 2186 700 2224 ἵν]’5]ἔτ[ιάΐ
715 2187 869 2226 epistulas
886 2192 891 2220 ι’
900 2197 931 2224 5,
949 2197 968 2225 5
983 2197 1001 2217 a
1018 2191 1047 2216 el
1062 2197 1081 2225 5
1093 2188 1122 2225 b,
1143 2198 1161 2227 5
1177 2194 1209 2227 e)
1404 2199 1443 2218 10
1466 2194 1499 2219 et

171 2231 280 2261 Statio
300 2229 417 2261 ORP:
445 2235 478 2260 et
497 2230 629 2260 Stathio
649 2229 694 2260 C:
726 2230 866 2260 testario
884 2235 912 2259 Δ
1070 2241 1107 2269 14
1128 2235 1205 2271 post
1220 2233 1355 2262 venisse
1372 2232 1446 2263 add.
1466 2238 1499 2263 et

170 2273 369 2313 Malaspina,
389 2279 444 2303 aut
462 2273 580 2303 Lamb.
706 2283 742 2312 15
768 2273 801 2303 in
820 2278 852 2303 te
873 2272 1009 2312 ‘npv'yvy'
1031 2273 1204 2305 Lehmann
1221 2288 1227 2306 ι
1262 2279 1499 2306 INTEPHNHN

170 2316 229 2346 M:
262 2329 413 2356 νετρηνηι·
431 2317 462 2346 Ζ
485 2322 519 2347 ιιιί
542 2316 604 2347 vid.
626 2328 632 2347 z
665 2317 698 2346 in
724 2323 757 2347 te
782 2317 928 2357 [κρήνην]
955 2317 1086 2347 Bastar:
1120 2319 1289 2358 integrum
1314 2320 1394 2350 coni.
1414 2319 1499 2349 Boot

170 2371 206 2390 21
230 2367 341 2391 autem
369 2365 392 2392 Σ
421 2361 526 2391 Cum:
562 2371 626 2390 om.
649 2365 677 2390 Δ
865 2370 904 2398 24
930 2361 1051 2390 Avium
1075 2361 1196 2392 Rosius
1221 2364 1286 2394 coll.
1312 2364 1380 2394 xiii.
1404 2376 1433 2401 4.
1458 2374 1497 2394 2:

169 2404 291 2434 Aulum
307 2405 345 2434 M
