1742 2651
585 143 696 181 EPP.
730 145 806 180 AD
837 143 1097 181 ATTICVM
1423 141 1519 178 XII.
1541 150 1571 176 v
1586 152 1608 177 c

210 337 250 371 V
264 348 286 371 C
427 339 496 370 Sca-2
514 339 547 369 1'11
570 339 755 370 Tusculano
767 338 852 380 [ΜΗ.
871 338 920 369 Id.
936 338 1011 369 Iun.
1028 349 1058 368 a.
1080 339 1141 377 708
1158 337 1246 379 (46).

583 427 753 458 CICERO
776 426 955 457 ATTICO
978 425 1084 457 SAL.

221 517 306 565 Ego
328 515 414 553 misi
436 516 623 553 Tironem
649 516 878 553 Dolabellae
900 515 1067 553 obviam.
1130 516 1169 552 Is
1191 514 1241 551 ad
1267 526 1330 551 me
1356 512 1494 551 Idibus
1518 516 1551 557 (v
1568 516 1602 556 4)

165 588 386 618 revertetur.
446 583 504 618 Te
534 580 770 630 exspectabo
800 579 997 629 postridie.
1057 581 1121 617 De
1147 579 1277 616 Tullia
1307 592 1394 616 mea
1425 577 1495 615 tibi

126 657 142 687 5
164 645 481 694 antiquissimum
513 659 598 684 6556
631 645 747 683 video
780 645 898 694 idque
933 645 986 682 ita
1017 652 1059 682 ut
1091 644 1138 682 sit
1171 653 1207 682 te
1242 645 1496 682 vehementer

165 723 268 759 rogo.
331 712 434 759 Ergo
464 710 498 748 ei
527 710 565 747 in
594 710 744 759 integro
771 709 928 756 omnia3
967 709 1022 747 sic
1049 709 1154 747 enim
1183 708 1331 747 scribis.
1393 708 1495 745 Mihi

164 775 235 812 etsi
278 776 483 812 Kalendae
522 774 704 812 vitandae
743 775 899 812 fuerunt
934 774 1274 823 Nicasionumque
1308 775 1496 825 ἀρχέτυπα

164 839 348 889 fugienda
369 839 720 889 conficiendaeque
745 840 913 885 tabulae,
937 839 1032 876 nihil
1058 847 1190 877 tamen
1218 839 1315 877 tanti
1343 847 1384 877 ut
1407 852 1431 876 a
1458 846 1495 877 te

162 905 343 942 abessem
365 905 446 942 fuit.
490 906 592 943 Cum
611 906 764 942 Romae
785 918 911 942 essem
928 912 965 942 et
987 912 1024 942 te
1045 904 1121 942 iam
1143 904 1301 953 iamque
1321 904 1494 942 visurum

106 983 142 1004 10
163 983 227 1007 me
272 978 461 1018 putarem,
503 970 649 1008 cotidie
694 977 826 1007 tamen
872 971 990 1007 horae
1033 969 1177 1018 quibus
1216 970 1493 1019 exspectabam

162 1035 302 1083 longae
323 1034 567 1072 videbantur.
627 1034 709 1072 Scis
732 1048 794 1072 me
816 1033 978 1072 minime
1003 1047 1087 1072 6556
1112 1034 1303 1073 blandum
1322 1049 1331 1081 3
1361 1033 1494 1084 itaque

162 1099 292 1137 minus
313 1099 514 1149 aliquanto
536 1099 626 1138 dico
647 1113 765 1149 quam
787 1099 924 1137 sentio.

204 1252 270 1287 VI
398 1255 467 1287 Ser.
488 1256 521 1286 in
545 1256 729 1287 Tusculano
748 1267 792 1287 m.
812 1257 916 1288 intere.
934 1260 1017 1296 post.
1039 1267 1069 1287 a.
1092 1258 1153 1296 708
1171 1256 1256 1298 (46).

573 1344 746 1375 CICERO
768 1345 950 1376 ATTICO
972 1344 1078 1376 SAL.

104 1445 140 1477 15
217 1437 278 1474 De
301 1434 436 1474 Caelio
457 1434 557 1481 vide,
581 1448 738 1484 quaeso,
758 1448 807 1473 ne
828 1448 928 1484 quae
950 1437 1090 1473 lacuna
1110 1435 1158 1473 sit
1179 1434 1218 1472 in
1239 1449 1344 1474 auro.
1406 1437 1490 1485 Ego
1510 1446 1527 1472 1

160 1500 233 1537 ista
263 1513 342 1538 non
373 1500 475 1537 novi.
536 1501 612 1538 Sed
648 1507 751 1538 certe
785 1499 824 1536 in
855 1501 1014 1538 collubo
1044 1508 1102 1538 est
1131 1500 1355 1539 detrimenti
1386 1501 1488 1539 satis.

162 1567 256 1603 Huc
295 1579 432 1603 aurum
473 1565 503 1602 51
542 1565 821 1603 accedit-sed
861 1565 955 1615 quid
998 1567 1168 1615 loquor?
1224 1568 1286 1603 Tu
1325 1566 1488 1604 videbis.

163 1631 301 1668 Habes
346 1629 542 1679 Hegesiae
581 1643 714 1679 genus,
757 1631 865 1679 quod
904 1632 1028 1668 Varro
1070 1632 1213 1669 laudat.
1272 1631 1403 1669 Venio
1441 1632 1491 1669 ad
1511 1640 1534 1667 2

160 1695 465 1745 Tyrannionem.
526 1695 604 1732 Ain
626 1698 697 1733 tu?
726 1710 860 1734 verum
883 1697 958 1734 hoc
980 1696 1080 1734 fuit?
1110 1696 1193 1734 5106
1216 1698 1307 1734 me?
1345 1700 1398 1735 At
1419 1710 1492 1747 ego

102 1773 141 1794 20
161 1761 355 1811 quotiens,
387 1775 477 1799 cum
509 1774 634 1799 essem
665 1762 827 1809 otiosus,
858 1762 941 1800 sine
972 1770 1008 1800 te
1039 1770 1170 1800 tamen
1200 1762 1342 1800 nolui?
1399 1764 1492 1811 Quo

161 1828 283 1865 modo
304 1828 379 1864 hoc
400 1839 491 1875 ergo
519 1827 632 1864 lues?
687 1829 779 1865 Vno
800 1827 947 1865 scilicet
969 1827 999 1865 51
1025 1827 1120 1864 mihi
1148 1827 1290 1865 librum
1318 1827 1492 1875 miserisg

160 1893 268 1940 quod
290 1899 331 1928 ut
353 1891 470 1928 facias
492 1890 609 1929 etiam
630 1899 749 1941 atque
770 1892 887 1930 etiam
909 1906 1013 1942 rogo.
1076 1892 1160 1929 Etsi
1181 1906 1245 1930 me
1266 1906 1346 1931 non
1368 1892 1490 1943 magis

160 1956 257 1994 liber
284 1955 366 2005 ipse
394 1956 605 1993 delectabit
633 1970 751 2006 quam
779 1965 845 1994 tua
872 1957 1079 2009 admiratio
1106 1957 1325 1995 delectavit.
1384 1960 1490 1996 Amo

160 2021 266 2058 enim
300 2022 419 2059 πάντα
453 2021 699 2070 φιλειὸήμονα
730 2029 846 2072 teque
881 2022 994 2060 istam
1030 2031 1108 2060 0011
1145 2030 1303 2061 tenuem
1339 2024 1491 2074 θεωρίαν

102 2099 137 2131 25
160 2093 238 2123 tam
267 2088 380 2124 valde
407 2087 643 2124 admiratum
671 2101 755 2125 esse
781 2089 946 2137 gaudeo
1008 2089 1092 2126 Etsi
1120 2097 1187 2127 tua
1213 2089 1375 2139 quidem
1400 2098 1490 2128 sunt

159 2150 242 2188 eius
264 2151 372 2188 modi
398 2151 541 2189 omnia.
601 2151 707 2190 Scire
731 2152 836 2190 enim
861 2153 943 2199 vis3
972 2167 1051 2202 quo
1076 2167 1156 2192 uno
1182 2154 1337 2192 animus
1363 2154 1488 2192 alitur.

161 2216 252 2263 Sed,
273 2229 431 2265 quaeso,
455 2216 551 2265 quid
573 2230 619 2254 ex
640 2216 712 2254 ista
731 2225 847 2255 acuta
867 2225 904 2255 et
925 2218 1029 2267 gravi
1050 2220 1211 2257 refertur
1231 2221 1282 2258 ad
1301 2221 1437 2261 τέλοςΡ

215 2281 292 2318 Sed
318 2282 433 2330 longa
462 2280 585 2318 oratio
613 2288 682 2327 est,
705 2289 743 2319 et
770 2289 811 2319 tu
838 2291 1053 2331 occupatus
1080 2297 1116 2320 es
1142 2284 1181 2321 in
1209 2298 1299 2323 meo
1326 2284 1489 2335 quidem

205 2395 224 2422 4
250 2384 302 2413 De
319 2384 394 2415 add.
411 2389 482 2415 vell.
639 2395 679 2423 24
703 2385 913 2425 φιλειδὴμονα
930 2391 1000 2418 τ’[ίΐ.
1018 2400 1023 2416 :
1048 2391 1296 2420 ΦῘΛΕΔΗΜΟΝ
1315 2389 1372 2420 M:
1397 2388 1489 2429 φιλό-

162 2428 260 2466 δημον
280 2428 310 2458 Ο
328 2428 414 2460 Crat.
433 2428 508 2458 Vict.
646 2430 688 2458 28
711 2439 748 2459 es
765 2430 839 2460 add.
860 2430 977 2460 Lamb.
1070 2432 1206 2470 quidem
1224 2427 1328 2464 EZb:
1354 2443 1419 2465 om.
1438 2438 1467 2464 Δ
