1742 2651
112 72 223 109 XVI.
248 49 301 107 xi'
629 72 684 108 M.
717 71 885 108 TVLLI
918 70 1226 108 CICERONIS

261 184 433 233 εὐμενείᾳ.
494 184 555 220 Ita
584 182 750 219 libenter
779 194 827 219 ea
854 180 1043 230 corrigam
1074 194 1175 230 quae
1203 194 1226 219 a
1254 188 1293 219 te
1321 179 1591 219 animadversa

260 255 365 293 sunt,
389 248 552 285 ‘eodem
573 247 654 284 iure
676 259 756 295 quo
788 245 1014 282 Rubriana'
1036 245 1166 294 potius
1197 259 1315 295 quarn
1339 248 1347 264 ‘
1364 258 1442 294 quo
1472 244 1592 294 Scipi-

260 311 371 359 Onis‚’
405 319 443 350 et
477 313 526 350 de
561 311 744 349 laudibus
786 298 1018 348 Dolabellae
1057 311 1219 348 deruam
1259 311 1472 348 cumulum.
1531 310 1591 347 Ac

260 384 392 415 tamen
427 384 484 414 est
518 376 592 414 isto
624 378 712 413 loco
732 376 845 421 bella,
876 382 918 412 ut
952 375 1047 412 1111111
1079 375 1243 422 videtur,
1280 376 1452 425 εἰρωνεία,
1482 374 1591 423 quod

260 456 351 480 eum
377 450 433 480 ter
462 449 598 479 contra
624 440 718 478 civis
746 440 786 478 in
815 440 909 478 acie.
972 441 1077 478 Illud
1107 440 1224 478 etiam
1253 442 1357 478 malo
1387 438 1592 488 ‘indignis-
1612 455 1628 485 5

217 515 241 551 3
260 507 404 544 simum
433 514 491 544 est
520 507 626 543 hunc
655 505 807 543 vivere'
837 518 956 554 quam
992 505 1110 554 ‘quid
1140 505 1388 554 indignius?⁷
1445 507 1592 541 Πεπλο-

259 573 423 624 γραφιάν
435 570 621 609 Varronis
643 570 713 608 tibi
730 570 885 619 probari
902 583 982 607 non
1001 571 1165 607 moleste
1187 571 1267 608 fero
1288 585 1294 613 ;
1323 583 1346 607 a
1360 582 1440 619 quo
1461 570 1592 607 adhuc

258 637 533 688 ἹἸρακλείόειον
571 635 667 673 illud
709 648 789 672 non
828 634 982 672 abstuli.
1063 635 1185 683 Quod
1231 648 1294 672 me
1333 633 1496 671 hortaris
1541 635 1592 671 ad

258 703 526 749 scribendum,
556 700 684 738 amice
719 707 759 738 tu
794 700 967 749 quidem,
1002 701 1071 737 sed
1111 713 1174 737 me
1213 699 1311 737 scito
1348 712 1461 748 agere
1495 698 1592 735 nihil

257 767 374 805 aliud.
436 766 619 805 Gravedo
658 772 724 803 tua
769 764 866 802 mihi
905 765 1071 802 molesta
1109 772 1177 802 est.
1239 765 1413 813 Quaeso>
1446 763 1591 801 adhibe
1617 779 1652 800 10

258 847 378 883 quam
417 834 520 870 soles
558 830 812 881 diligentiam.
874 830 934 868 ‘O
972 829 1084 867 Tite'
1123 829 1193 867 tibi
1232 830 1419 879 prodesse
1458 830 1589 867 laetor.

262 897 503 947 ‘Anagnini'
533 904 623 934 sunt
655 897 828 934 Mustela
855 896 1056 946 ταξιάρχης
1085 902 1123 933 et
1154 896 1260 932 Laco
1287 894 1355 944 qui
1381 893 1591 944 plurimum

260 963 369 1002 bibit.
430 962 593 1001 Librum
615 975 733 1011 quem
755 974 867 1011 rogas
887 960 1104 1011 perpoliam
1125 967 1163 998 et
1185 960 1347 997 mittam.

215 1035 241 1072 4
317 1030 431 1066 Haec
459 1029 510 1066 ad
540 1026 807 1077 posteriorem.
864 1028 919 1064 Τὰ
946 1027 1029 1076 περὶ
1053 1029 1118 1064 τοῦ
1144 1026 1376 1075 καθήκοντος,
1399 1033 1593 1075 quatenus

262 1093 484 1141 Panaetius,
522 1092 674 1131 absolvi
715 1092 883 1131 duobus.
956 1091 1068 1130 Illius
1113 1099 1188 1130 tres
1231 1099 1349 1139 sunt3
1391 1092 1461 1129 sed
1501 1104 1591 1129 cum
1616 1105 1651 1134 15,

260 1159 371 1196 initio
416 1157 611 1196 divisisset
654 1157 720 1204 ita,
763 1157 836 1195 tria
876 1170 1020 1206 genera
1062 1156 1293 1206 exquirendi
1341 1156 1444 1194 offici
1494 1170 1591 1203 esse,

261 1238 398 1271 unum,
427 1237 518 1261 cum
549 1222 815 1261 deliberemus
848 1224 1060 1260 honestum
1091 1236 1141 1260 an
1176 1230 1288 1272 turpe
1318 1222 1377 1269 sit,
1414 1224 1591 1269 alterum,

261 1289 354 1327 utile
387 1302 438 1326 an
472 1288 623 1335 inutile,
655 1287 826 1335 tertium,
858 1301 948 1325 cum
984 1289 1084 1325 haec
1122 1286 1222 1325 inter
1260 1300 1301 1325 se
1336 1301 1509 1337 pugnare
1544 1287 1594 1325 vi-

259 1356 436 1401 deantur,
470 1367 550 1403 quo
585 1354 707 1391 modo
742 1352 999 1391 iudicandum
1035 1352 1096 1399 sit,
1126 1352 1251 1402 qualis
1286 1366 1404 1390 causa
1438 1352 1593 1402 Reguli,

259 1421 383 1458 redire
404 1421 630 1466 honestum,
650 1433 808 1457 manere
838 1419 944 1465 utile,
966 1420 1016 1456 de
1045 1418 1204 1456 duobus
1233 1418 1368 1467 primis
1398 1420 1593 1468 praeclare
1615 1431 1654 1452 20

259 1485 453 1533 disseruit,
474 1486 524 1523 de
555 1484 669 1522 tertio
694 1483 900 1533 pollicetur
920 1497 961 1522 se
988 1483 1178 1533 deinceps
1205 1484 1276 1521 sed
1306 1483 1402 1521 1111111
1428 1483 1589 1533 scripsit.

261 1553 363 1588 Eum
385 1552 516 1588 locum
539 1549 776 1588 Posidonius
806 1556 1033 1598 persecutus
1060 1555 1122 1586 est.
1184 1551 1269 1599 Ego
1295 1557 1427 1587 autern
1452 1557 1490 1587 et
1511 1548 1594 1587 eius

259 1617 400 1654 librum
439 1614 620 1653 arcessivi
659 1622 697 1653 et
735 1615 785 1652 ad
824 1615 1129 1652 Athenodorum
1169 1616 1336 1653 Calvum
1375 1613 1510 1664 scripsi
1552 1621 1594 1652 ut

259 1682 309 1719 ad
338 1694 400 1719 me
426 1682 472 1719 τὰ
501 1682 689 1729 κεφάλαια
718 1679 887 1718 mitteret
903 1694 912 1726 ;
941 1694 1042 1729 quae
1070 1688 1265 1730 exspecto.
1326 1681 1456 1729 Quem
1477 1679 1593 1718 velim

260 1747 465 1784 cohortere
494 1753 532 1784 et
562 1759 673 1795 roges
703 1752 745 1783 ut
775 1758 894 1794 quam
924 1745 1105 1795 primum.
1168 1747 1215 1783 In
1251 1759 1299 1783 eo
1328 1753 1386 1784 est
1419 1746 1502 1795 περὶ
1530 1748 1594 1783 τοῦ
1617 1759 1652 1790 25

263 1814 355 1849 κατὰ
374 1813 595 1861 περίστασιν
624 1811 855 1860 καθήκοντος.
918 1811 1039 1858 QUOd
1069 1811 1119 1848 de
1149 1810 1403 1860 inSC1·iptione
1427 1810 1594 1860 quaeris,

263 1890 342 1914 non
369 1876 509 1914 dubito
536 1876 631 1926 quin
660 1876 820 1925 καθῆκον
843 1875 1062 1913 ‘officium’
1084 1875 1143 1922 sit,
1166 1875 1239 1913 nisi
1267 1875 1363 1925 quid
1392 1883 1434 1914 tu
1463 1875 1595 1923 aliud3

264 1942 333 1979 sed
354 1941 556 1991 inscriptio
576 1941 728 1990 plenior
751 1945 759 1960 ‘
776 1942 826 1978 de
856 1940 1016 1978 officiis.’
1074 1944 1296 1991 Προσφωικῶ
1321 1948 1454 1979 autem
1483 1940 1595 1980 Cice-

264 2006 349 2044 roni
370 2006 460 2044 filio.
520 2005 659 2043 Visum
681 2013 739 2044 est
760 2019 841 2043 non
862 2007 1050 2044 ἀνοίκειον.
1219 2034 1223 2039 .

221 2077 246 2117 5
320 2073 382 2110 De
404 2070 564 2120 Myrtilo
585 2070 768 2109 dilucide.
830 2072 866 2110 O
887 2071 1012 2121 qualis
1034 2078 1074 2109 tu
1096 2084 1250 2121 semper
1273 2070 1367 2109 istos
1385 2073 1391 2108 1
1451 2071 1596 2108 Itane?
1616 2083 1655 2113 30

308 2186 338 2215 5,
358 2178 378 2205 6
403 2177 676 2215 indignissimum
699 2182 750 2207 est
772 2175 835 2215 (vel
854 2177 944 2217 esse)
967 2169 1029 2207 Zb:
1058 2175 1232 2214 indignius
1257 2185 1332 2205 esse
1352 2175 1392 2204 M
1558 2184 1592 2204 11

268 2220 404 2250 Librum
431 2231 542 2250 meum
569 2221 662 2250 illum
692 2220 742 2250 vel
774 2220 906 2250 Librum
942 2219 1031 2248 illum
1061 2229 1169 2249 meum
1195 2222 1269 2248 ante
1295 2219 1324 2248 O
1352 2219 1429 2248 Tite
1450 2217 1532 2248 dant
1556 2212 1596 2247 Zl

268 2264 356 2294 (rat.
497 2275 533 2302 14
554 2263 665 2304 Haec]
686 2262 783 2293 Nunc
800 2263 924 2293 Sclzz‘t'lz
996 2266 1072 2302 post
1089 2263 1185 2292 Haec
1202 2261 1420 2302 supplendum
1437 2263 1477 2291 ad
1496 2272 1594 2300 supe-

268 2308 389 2337 riorem
405 2318 412 2337 :
447 2318 536 2337 nunc
552 2307 602 2338 vel
615 2307 719 2336 simile
735 2306 924 2347 qnidpntat
943 2305 1132 2345 H'esenberg
1272 2315 1313 2334 22
1338 2311 1388 2335 est
1405 2305 1480 2335 add.
1499 2304 1601 2335 Orelli

268 2361 308 2389 24
333 2361 420 2390 quae
436 2351 578 2382 Rosius:
602 2357 668 2390 que
687 2350 728 2380 M
841 2359 884 2389 30
909 2349 1025 2381 Itane?
1052 2350 1085 2379 in
1108 2349 1312 2389 I‘Vesenberg:
1342 2348 1435 2379 Itane
1454 2349 1486 2378 in
1505 2348 1591 2389 vulg.
