1742 2651
117 123 163 160 X.
188 122 264 159 xiv
520 125 575 161 M.
608 125 775 162 TVLLI
808 125 1114 164 CICERONIS

216 233 253 270 in
290 243 500 283 posterum,
536 236 605 273 sed
640 237 772 273 tardus
807 237 856 273 ad
889 237 1113 274 exeundum
1150 237 1295 274 ‘multo
1328 250 1368 274 sc
1402 235 1439 273 in
1472 249 1544 273 suo

214 300 358 336 lectulo
393 301 520 345 malle,
551 299 741 349 quicquid
774 301 896 338 foret.’
968 300 1141 338 Odiosus
1176 302 1380 350 scrupulus
1410 301 1460 338 de
1492 300 1544 337 fili

214 363 351 401 militia
390 364 638 402 Brundisina.
711 367 844 402 Vnum
880 365 976 404 illud
1016 365 1235 403 firmissime
1273 366 1542 412 adseverabat,

214 428 244 465 si
267 429 441 466 damnati
463 429 765 477 restituerentur,
790 430 829 467 in
851 430 1028 468 exsilium
1051 444 1091 469 se
1112 431 1266 469 iturum.
1310 432 1395 469 Nos
1412 438 1543 468 autem

213 495 264 531 ad
292 495 388 532 haec
419 498 477 533 ‘et
507 496 550 532 id
575 495 703 544 ipsum
734 503 840 534 certo
872 497 953 534 fore
984 504 1022 534 et
1053 510 1154 546 quae
1186 496 1263 534 iam
1296 497 1432 534 fierent
1463 509 1544 533 non
1566 507 1581 537 5

214 572 298 596 esse
343 559 511 607 leviora,⁷
557 562 758 610 multaque
801 561 1107 610 conligebamus.
1185 563 1333 599 Verum
1380 574 1425 599 ea
1463 574 1543 599 non

213 624 390 662 animum
413 625 494 663 eius
515 626 712 675 augebant
734 627 803 663 sed
824 625 1016 672 timorem,
1040 634 1082 663 ut
1107 626 1183 664 iam
1206 627 1394 664 celandus
1422 625 1543 674 magis

214 691 264 727 de
285 697 419 728 nostro
447 690 611 728 consilio
639 704 757 739 quarn
784 692 834 729 ad
862 691 901 729 id
927 693 1162 729 adhibendus
1187 691 1392 729 videretur.
1454 692 1545 739 Qua

213 769 252 792 re
274 755 312 791 in
339 756 414 792 hoc
439 768 519 793 non
547 757 712 794 multum
743 764 810 794 est.
872 757 955 794 Nos
985 770 1007 794 a
1038 765 1074 795 te
1103 756 1295 795 admoniti
1327 757 1376 794 de
1408 755 1544 795 Caelio

213 820 484 870 cogitabimus.
1567 828 1606 849 ¹0

256 981 341 1017 XV
510 986 576 1017 Svr.
600 988 633 1016 1'11
653 986 804 1017 Cumano
822 988 853 1017 iv
869 986 918 1017 Id.
939 987 1020 1018 Mai.
1039 998 1068 1018 a.
1090 997 1144 1027 705
1164 987 1248 1028 (49).

628 1081 800 1113 CICERO
822 1082 854 1111 A
866 1080 1004 1112 TTJCO
1028 1081 1135 1112 SAL.

267 1157 422 1196 Servius
456 1172 547 1196 cum
581 1167 682 1198 esset
716 1161 822 1209 apud
854 1173 926 1206 me,
960 1159 1153 1209 Cephalio
1183 1173 1273 1197 cum
1304 1159 1379 1197 tuis
1409 1158 1545 1197 litteris

213 1236 252 1261 V1
286 1225 382 1262 Idus
412 1224 541 1269 venit;
571 1238 672 1273 quae
703 1224 817 1262 nobis
849 1238 1029 1273 magnam
1061 1238 1171 1273 spem
1198 1226 1411 1262 attulerunt
1439 1224 1545 1262 meli-

212 1302 324 1326 orum
346 1303 473 1326 rerum
495 1291 545 1327 de
566 1298 657 1327 octo
678 1289 917 1327 cohortibus.
979 1290 1136 1327 Etenim
1162 1303 1231 1328 eae
1256 1303 1415 1339 quoque
1443 1303 1543 1339 quae
1567 1302 1604 1334 15

212 1354 251 1392 in
273 1354 331 1392 his
353 1355 448 1392 locis
477 1363 565 1392 sunt
594 1356 724 1393 labare
752 1355 943 1393 dicuntur.
1006 1357 1160 1394 Eodem
1188 1355 1252 1394 die
1281 1355 1543 1393 Funisulanus

211 1434 234 1457 a
261 1428 297 1458 te
327 1420 455 1457 attulit
482 1420 627 1457 litteras
656 1420 694 1457 in
722 1420 865 1469 quibus
896 1428 975 1458 erat
1003 1421 1270 1458 confirmatius
1300 1420 1405 1458 idem
1433 1420 1540 1457 illud.

213 1485 259 1522 Ei
282 1486 332 1522 de
353 1498 425 1522 suo
446 1485 604 1534 negotio
626 1485 812 1534 respondi
839 1488 1037 1523 cumulate
1065 1500 1155 1523 cum
1184 1486 1291 1524 omni
1320 1494 1385 1523 tua
1409 1484 1540 1534 gratia.

212 1551 356 1588 Adhuc
384 1564 464 1588 non
492 1550 583 1588 satis
611 1550 803 1597 faciebat3
832 1552 951 1589 debet
978 1559 1109 1589 autem
1139 1551 1235 1589 mihi
1263 1553 1406 1588 multos
1433 1563 1544 1588 num-

213 1628 297 1652 mos
332 1628 405 1653 nec
440 1616 606 1653 habetur
639 1617 825 1665 locuples.
897 1618 1014 1654 Nunc
1053 1616 1105 1654 ait
1146 1630 1186 1654 se
1225 1617 1432 1663 daturum3
1480 1614 1543 1653 cui
1565 1627 1604 1648 20

211 1694 427 1729 expensum
452 1680 581 1719 tulerit
602 1680 768 1724 morari;
798 1681 1050 1721 †tabellarius
1078 1681 1108 1719 si
1136 1682 1243 1731 apud
1267 1688 1304 1719 te
1334 1694 1418 1720 esse
1446 1694 1542 1730 quas

212 1745 304 1783 satis
338 1745 521 1785 fecisses†
565 1747 688 1784 dares.
763 1748 967 1795 Quantum
1007 1746 1055 1784 sit
1095 1749 1193 1784 Eros
1233 1745 1433 1784 Philotimi
1472 1745 1540 1783 tibi

213 1809 327 1847 dicet.
388 1811 465 1848 Sed
486 1811 537 1848 ad
559 1810 706 1848 maiora
726 1812 943 1849 redeamus.

268 1875 387 1922 Quod
427 1882 550 1924 optas,
588 1875 819 1914 Caelianum
860 1876 955 1913 illud
996 1876 1230 1914 maturescit.
1291 1877 1431 1924 Itaque
1469 1882 1542 1912 tor-

211 1952 334 1988 queor
363 1947 493 1977 utrum
523 1948 683 1978 ventum
715 1949 948 1990 exspectem.
1010 1941 1164 1979 Vexillo
1194 1954 1292 1990 opus
1327 1948 1408 1980 est:
1451 1953 1541 1977 con-
1564 1952 1599 1982 25

210 2005 408 2042 volabunt.
470 2006 591 2053 Quod
613 2007 754 2044 suades
777 2013 818 2043 ut
840 2007 979 2055 palam,
1003 2019 1159 2055 prorsus
1184 2005 1383 2044 adsentior
1409 2004 1541 2054 itaque

212 2082 274 2107 me
296 2071 560 2118 profecturum
583 2078 690 2120 puto.
728 2072 835 2108 Tuas
853 2078 983 2108 tamen
1006 2070 1160 2108 interim
1182 2070 1326 2108 litteras
1343 2077 1537 2119 exspecto.

257 2185 270 2204 1
294 2178 368 2213 post
384 2175 499 2205 tardus
517 2174 591 2205 add.
614 2180 664 2205 est
681 2174 799 2205 Lamb.
908 2175 940 2204 in
959 2185 1020 2205 suo
1037 2175 1173 2207 lectulo.
1193 2175 1229 2213 cf.
1249 2175 1279 2205 8.
1298 2185 1313 2213 7
1461 2184 1480 2213 5
1507 2174 1538 2204 id

210 2217 285 2248 add.
301 2217 418 2247 Lamb.
511 2219 632 2248 fierent
655 2219 865 2257 lmvsenbmg:
891 2219 1014 2248 fiebant
1032 2218 1120 2249 sodd.
1138 2230 1145 2248 ε
1171 2218 1252 2248 fiant
1269 2217 1400 2247 Ernesti
1521 2228 1538 2256 7

210 2262 355 2299 angebat
376 2261 451 2290 WR
561 2262 581 2290 8
605 2263 646 2292 ad
665 2263 698 2292 id
714 2261 927 2292 adhibendus
945 2261 1105 2301 Madmg:
1140 2262 1181 2292 ad
1200 2262 1286 2291 idem
1304 2261 1390 2292 codd.
1408 2273 1415 2291 ε
1447 2261 1540 2291 adhi-

211 2305 340 2335 bendus
362 2305 522 2335 Vrsinus:
554 2306 788 2336 adhortandus
804 2307 844 2335 ad
863 2306 951 2335 idem
973 2305 1162 2345 lVesenbevg
1354 2315 1391 2334 10
1417 2305 1539 2342 cogita-

210 2349 327 2378 bamus
344 2347 407 2378 WI
493 2359 531 2378 21
558 2349 739 2379 tabellariis
758 2349 816 2388 &²70
834 2349 945 2389 Allan.)
963 2349 989 2378 si
1007 2350 1095 2388 apud
1114 2353 1146 2378 te
1164 2353 1253 2379 esset
1271 2359 1335 2387 qua
1355 2348 1412 2386 (ila
1425 2347 1537 2388 Man.)

212 2393 293 2421 satis
311 2392 443 2422 fecisset
463 2393 520 2427 (ila
536 2392 634 2432 Pius>
654 2394 750 2423 dares
767 2393 854 2432 vulg.
