1742 2651
135 483 151 514 θη

585 102 696 138 ΕΡΡ.
730 101 807 138 AD
839 101 1097 139 ATTICVM
1396 101 1481 136 XV.
1506 100 1549 135 iii

174 213 242 252 tire
274 212 402 251 video.
465 213 542 250 Sed
582 225 719 262 parum
760 211 943 260 intellego
977 210 1072 260 quid
1112 224 1174 248 me
1206 209 1299 247 velis
1334 208 1501 247 scribere

172 277 282 327 quasi
321 291 345 315 a
384 279 506 314 Bruto
549 276 684 314 habita
727 275 914 322 oratione,
948 289 1038 313 cum
1079 274 1141 312 ille
1181 273 1356 312 ediderit.
1422 273 1500 321 Qui

172 343 332 380 tandem
373 341 590 379 convenit?
636 354 687 378 an
728 340 783 379 sic
823 348 866 378 ut
906 340 945 377 in
985 347 1192 389 tyrannum
1231 339 1312 376 iure
1351 338 1502 388 optimo

173 407 360 444 caesum?
408 407 538 444 Multa
558 405 748 452 dicentur,
772 407 895 443 multa
915 404 1133 442 scribentur
1152 417 1174 441 a
1195 403 1310 441 nobis
1335 404 1404 441 sed
1425 402 1502 440 alio

173 472 294 509 modo
324 478 361 508 et
391 478 578 520 tempore.
642 472 704 508 De
733 471 828 508 sella
857 469 1034 508 Caesaris
1065 469 1165 506 bene
1195 467 1364 511 tribuni;
1399 481 1504 517 prae-

172 537 295 574 claros
317 535 434 573 etiam
457 547 530 572 xiv
554 535 737 574 ordines!
787 537 951 573 Brutum
972 535 1079 584 apud
1104 547 1167 571 me
1192 532 1310 571 fuisse
1334 534 1500 583 gaudeo,

173 601 293 638 modo
315 608 352 638 et
373 600 540 638 libenter
560 599 674 638 fuerit
695 608 733 638 et
754 608 811 637 sat
832 599 910 638 diu.

215 708 280 742 IV
466 711 534 741 Ser.
557 712 589 740 ιἰι
607 711 770 750 Arpinati
784 711 816 740 ix
833 709 875 739 K.
895 709 970 740 Iun.
988 720 1017 739 a.
1039 719 1095 748 710
1114 708 1199 748 (44).

581 786 751 817 CICERO
781 786 960 816 ATTICO
989 784 1096 816 SAL.

228 872 270 896 lx
304 861 352 896 K.
389 860 441 896 H.
476 871 503 895 x
539 860 617 896 fere
646 871 668 895 a
699 859 747 906 Q.
783 858 894 895 Fufio
924 857 1030 895 venit
1062 856 1296 895 tabellarius.
1357 855 1504 894 Nescio
1527 864 1542 891 1

171 924 269 974 quid
307 924 358 962 ab
398 937 445 961 eo
484 923 752 969 litterularum,
786 922 841 960 uti
882 936 943 960 me
982 921 1056 959 sibi
1094 921 1364 968 restituere1113
1410 934 1504 958 sane

173 989 329 1035 insulse,
360 996 401 1026 ut
433 990 542 1034 solet,
572 987 646 1025 nisi
677 989 784 1034 forte,
815 1000 917 1037 quae
955 1000 1035 1024 non
1067 999 1175 1024 ames
1210 986 1343 1023 omnia
1373 985 1505 1023 viden-

173 1062 234 1091 tur
266 1054 412 1091 insulse
444 1052 538 1090 fieri.
609 1051 753 1101 Scripsi
786 1051 841 1089 ita
874 1060 916 1089 ut
951 1059 988 1089 te
1020 1051 1276 1101 probaturum
1311 1050 1502 1088 existimo.

175 1118 277 1156 Mihi
298 1120 395 1156 duas
416 1131 439 1155 a
459 1126 497 1155 te
518 1117 703 1167 epistulas
725 1116 907 1163 reddidit,
931 1130 1050 1153 unam
1079 1128 1133 1162 xi,
1156 1118 1316 1153 alteram
1342 1127 1383 1153 Χ.
1440 1116 1505 1153 Α(1

139 1199 150 1206 ·
174 1183 431 1222 recentiorem
462 1182 567 1232 prius
589 1185 655 1221 †et
677 1181 895 1219 leniorem†
917 1182 1061 1227 laud03
1095 1180 1125 1218 si
1153 1193 1244 1218 vero
1275 1180 1391 1218 etiam
1416 1181 1506 1219 Car-

174 1248 342 1292 fulenus,
366 1247 460 1282 ςἅνω
488 1243 683 1294 ποταμῶν.’
742 1243 892 1281 Antoni
918 1243 1081 1281 consilia
1110 1256 1240 1281 narras
1268 1243 1502 1281 turbulenta.

174 1313 306 1360 Atque
328 1311 477 1347 utinam
506 1309 636 1359 potius
658 1322 726 1359 per
746 1310 937 1358 populum
965 1317 1052 1357 agat
1073 1321 1191 1358 quam
1213 1321 1281 1358 per
1301 1316 1480 1346 senatum
1499 1311 1505 1345 ἔ

174 1377 282 1425 quod
315 1375 477 1424 quidem
509 1374 562 1412 ita
593 1375 725 1412 credo.
789 1375 866 1411 Sed
902 1373 996 1411 mihi
1028 1381 1155 1411 totum
1187 1373 1268 1410 eius
1298 1372 1506 1410 consilium

173 1442 224 1478 ad
256 1441 403 1478 bellum
434 1448 610 1488 spectare
640 1439 805 1485 videtur,
829 1438 858 1476 si
890 1438 1052 1488 quidem
1081 1440 1132 1475 D.
1155 1440 1277 1475 Bruto
1306 1437 1507 1487 provincia

175 1506 343 1556 eripitur.
405 1506 580 1554 Quoquo
609 1505 729 1542 modo
757 1518 829 1554 ego
854 1506 904 1542 de
929 1504 1030 1541 illius
1058 1504 1184 1542 nervis
1211 1504 1401 1549 existimo,
1426 1519 1505 1541 non

174 1573 328 1611 videtur
362 1572 442 1610 fieri
477 1586 593 1622 posse
633 1572 715 1609 sine
752 1572 865 1609 bello.
931 1573 1007 1609 Sed
1043 1585 1123 1609 non
1158 1572 1285 1621 cupio,
1318 1571 1505 1621 quoniam

175 1647 332 1676 cavetur
360 1636 586 1675 Buthrotiis.
649 1636 801 1674 Rides?
835 1641 935 1686 †aps
965 1638 1190 1675 condoleo†
1214 1650 1293 1673 non
1325 1650 1411 1674 mea
1441 1650 1504 1685 po-

175 1703 251 1740 tius
280 1702 529 1748 adsiduitate,
556 1701 767 1751 diligentia,
797 1701 917 1751 gratia
947 1701 1093 1750 perfici.
1153 1702 1272 1749 Quod
1303 1701 1438 1739 scribis
1470 1710 1506 1739 te
1525 1712 1549 1738 2

175 1769 324 1807 nescire
359 1769 455 1818 quid
494 1768 636 1805 nostris
675 1767 900 1805 faciendum
940 1767 1002 1814 sit,
1033 1767 1109 1804 iarn
1150 1767 1301 1817 pridem
1341 1780 1403 1804 me
1443 1767 1506 1804 illa

141 1851 153 1858 -
175 1836 309 1884 ἀπορία
338 1833 532 1871 sollicitat.
596 1835 734 1882 Itaque
765 1834 882 1870 Stulta
911 1832 987 1870 iam
1017 1834 1161 1870 Iduum
1188 1832 1417 1869 Martiarum
1449 1840 1505 1870 est

175 1899 406 1937 consolatio.
464 1898 619 1935 Animis
640 1897 745 1935 enim
767 1897 824 1935 usi
847 1911 981 1935 sumus
1002 1897 1186 1944 virilibus,
1210 1897 1394 1945 consiliis,
1411 1897 1506 1934 mihi

220 2013 238 2032 2
262 2003 409 2033 habitam
423 2002 610 2032 orationem
625 2001 807 2031 Gronovius
969 2009 987 2038 5
1013 2001 1186 2040 praeclare
1200 1999 1331 2038 Jordan
1470 2010 1508 2031 10

177 2057 211 2076 rx
229 2046 350 2076 Ruete:
376 2057 398 2075 x
416 2045 503 2076 codd.
597 2045 640 2075 H.
675 2045 692 2074 i.
708 2056 731 2075 e.
760 2043 855 2082 hora]
880 2055 900 2074 x
917 2044 1097 2074 Bz‘iclzelcr:
1127 2044 1172 2073 iix
1195 2043 1283 2074 codd.
1305 2055 1311 2074 :
1345 2044 1427 2074 hora
1450 2045 1507 2074 viii

175 2091 263 2130 vulg.
401 2100 437 2119 12
464 2100 549 2128 quae
570 2088 711 2118 Rosius:
736 2098 834 2126 quem
859 2087 947 2118 codd.
971 2100 977 2118 z
1002 2098 1101 2126 quom
1124 2087 1210 2117 Reid
1305 2092 1380 2118 aule
1396 2088 1508 2118 omnia

176 2133 254 2164 add.
274 2133 316 2163 ab
333 2144 373 2163 eo
396 2131 584 2172 IVesenbetg
689 2142 727 2170 13
752 2131 928 2170 Rescripsi
953 2129 1142 2171 lVesenhctg
1274 2141 1311 2169 14
1337 2135 1411 2160 anie
1427 2132 1506 2161 mihi

176 2176 250 2207 add.
272 2176 367 2208 Idem
383 2173 422 2206 2⁶
506 2179 584 2215 post
606 2186 627 2204 x
651 2175 727 2205 add.
755 2176 863 2205 datam
894 2173 1083 2214 H'cscnhcag
1206 2184 1243 2213 15
1268 2180 1302 2204 et
1320 2175 1507 2213 pleniorem

179 2219 281 2250 Orelli
297 2232 303 2250 :
342 2221 383 2250 de
401 2220 535 2258 legione
554 2218 598 2249 M.
618 2219 651 2248 (i.
668 2230 691 2248 e.
714 2218 855 2248 illarlt'al
872 2218 953 2248 coni.
974 2218 1078 2249 Boot:
1109 2222 1183 2247 (mle
1199 2218 1298 2247 laudo
1316 2218 1507 2247 addendmn

178 2263 414 2302 Egnatuleium
431 2263 511 2293 com'.
530 2261 615 2292 Reid
627 2263 695 2293 coll.
713 2261 804 2293 Phil.
824 2263 867 2292 iii.
890 2273 918 2300 7.
939 2273 980 2300 39
1154 2262 1191 2291 18
1218 2262 1305 2300 quod
1326 2262 1379 2290 M'*
1394 2262 1480 2301 vulg.
1499 2273 1505 2290 :

176 2309 227 2336 cui
249 2303 373 2336 M¹CZ⁶
521 2317 561 2335 22
588 2305 718 2336 Rides?
743 2310 794 2335 ast
815 2305 980 2335 condolco
995 2305 1094 2335 Visa:
1122 2305 1251 2335 Rides?
1276 2310 1309 2334 at
1326 2315 1390 2343 ego
1408 2306 1506 2334 doleo

176 2349 205 2379 L
230 2350 392 2390 (mazgstm
419 2350 459 2380 ab
483 2351 546 2379 isto
573 2350 626 2379 (sc.
644 2349 808 2387 Antonio)
835 2355 947 2379 tamen
974 2348 1073 2379 doleo
1098 2347 1202 2379 Resd:
1232 2348 1340 2379 Rides
1363 2348 1506 2378 Ἀττικόν

177 2394 240 2433 <vel
253 2393 395 2424 ἀστικόνῖ
416 2405 424 2432 3
450 2393 547 2424 doleo
566 2392 706 2433 Madvig
