1742 2651
583 112 694 148 EPP.
726 113 804 148 AD
834 112 1092 149 ATTICVM
1410 112 1497 148 XV.
1517 110 1640 146 xxvii

176 220 369 271 proficisci
407 235 572 271 seseque
609 223 660 260 ad
699 236 762 259 me
801 221 840 259 in
875 223 1145 259 Tusculanum
1179 220 1384 270 scripserat
1422 233 1508 258 esse

175 294 393 324 venturum.
466 288 535 333 Te,
570 295 612 324 ut
649 300 672 324 a
711 301 774 325 me
812 286 1046 332 discesseris,
1082 285 1305 323 lacrimasse
1344 287 1552 323 moleste2

175 352 358 389 ferebam.
420 353 541 400 Quod
570 352 602 389 si
632 365 695 389 me
724 359 928 401 praesente
957 351 1125 397 fecisses,
1149 350 1358 388 consilium
1390 350 1509 388 totius

176 415 323 453 itineris
361 417 523 454 fortasse
557 424 781 454 mutassem.
854 417 932 455 Sed
971 415 1067 453 illud
1101 417 1297 465 praeclare
1328 417 1437 465 quod
1472 423 1509 453 te

138 493 155 524 5
175 483 378 518 consolata
406 489 464 519 est
494 495 582 531 spes
610 481 717 519 brevi
745 489 921 531 tempore
949 480 1232 530 congrediendi
1247 495 1257 528 5
1295 494 1398 530 quae
1427 480 1510 530 qui-

175 547 267 583 dem
288 545 528 594 exspectatio
558 559 621 584 me
652 546 819 584 maxime
849 553 1050 583 sustentat.
1112 547 1229 583 Meae
1258 545 1330 583 tibi
1359 545 1510 583 litterae

176 623 255 647 non
290 611 465 647 deerunt.
528 612 589 648 De
624 612 746 648 Bruto
785 610 951 647 scribam
985 611 1036 647 ad
1071 617 1109 647 te
1140 610 1284 648 onmia.
1344 610 1509 648 Librum

176 674 246 712 tibi
281 675 456 713 celeriter
494 675 647 712 mittam
680 677 751 713 ‘de
780 675 924 724 gloria?
984 676 1188 713 Excudam
1218 675 1367 725 aliquid
1397 675 1511 725 ‘Hpa-

177 740 356 777 κλείόειον
375 741 484 788 quod
506 741 622 777 lateat
642 739 681 776 in
703 739 894 777 thesauris
923 739 1009 777 tuis.
1072 741 1133 777 De
1159 742 1306 777 Planco
1333 740 1507 778 memini.

122 820 159 841 10
177 805 309 842 Attica
342 805 424 842 iure
455 805 636 854 queritur.
698 806 819 853 Quod
849 818 911 842 me
942 806 993 842 de
1023 804 1184 852 Bacchi,
1210 806 1261 842 de
1295 813 1508 843 statuarum
1531 812 1555 848 3

177 870 332 907 coronis
378 870 581 907 certiorem
620 869 756 916 fecisti,
796 871 910 907 valde
954 878 1131 919 gratum3
1178 883 1251 907 nec
1297 870 1509 920 quicquam

176 937 341 984 posthac
368 949 448 972 non
478 937 598 973 modo
628 943 781 973 tantum
811 936 881 973 sed
910 949 960 973 ne
990 937 1185 973 tantulum
1213 935 1374 984 quidem
1404 949 1511 985 prae-

177 1001 332 1038 terieris
394 1002 444 1038 Et
465 1001 515 1038 de
537 1001 701 1038 Herode
727 1007 766 1038 et
788 999 931 1038 Mettio
957 1000 1175 1038 meminero
1195 1008 1234 1038 et
1255 1001 1305 1038 de
1325 1000 1510 1038 omnibus

177 1080 278 1115 quae
317 1073 354 1103 te
388 1067 486 1103 velle
524 1064 754 1114 suspicabor
791 1066 923 1102 modo.
984 1065 1020 1103 O
1052 1072 1206 1114 turpem
1245 1065 1387 1102 sororis
1420 1072 1511 1103 tuae

122 1143 159 1174 15
180 1131 328 1168 filium!
387 1131 489 1168 Cum
528 1130 626 1167 haec
663 1128 886 1176 scriberem,
920 1130 1160 1167 adventabat
1198 1132 1291 1181 αὐτῇ
1326 1131 1511 1180 βουλύσει

177 1195 410 1234 cenantibus
430 1195 555 1233 nobis.

220 1389 424 1424 XXVIII
471 1392 539 1423 δαν.
558 1393 592 1422 in
609 1392 802 1432 Arpt'nczliv
818 1391 908 1423 Non.
930 1391 1044 1431 Quint.
1064 1402 1094 1422 a.
1114 1402 1172 1431 710
1190 1390 1275 1433 (44).

585 1491 754 1521 CICERO
783 1490 816 1520 A
827 1490 966 1520 TTICO
997 1490 1103 1522 SAL.

231 1597 327 1645 Ego,
368 1602 411 1633 ut
449 1595 499 1632 ad
538 1601 577 1632 te
615 1593 740 1643 pridie
778 1592 1022 1642 scripseram,
1061 1592 1189 1630 Nonis
1228 1591 1508 1630 constitueram

119 1675 156 1696 20
175 1661 306 1698 venire
336 1660 375 1697 in
406 1661 679 1697 Puteolanum.
740 1658 802 1695 Ibi
837 1657 951 1707 igitur
979 1657 1125 1695 cotidie
1159 1665 1245 1695 tuas
1275 1657 1420 1695 litteras
1449 1672 1510 1695 ex—

175 1726 364 1775 spectabo
394 1733 431 1763 et
462 1724 629 1762 maxime
656 1725 706 1761 de
734 1723 860 1771 ludis3
894 1725 944 1761 de
964 1722 1108 1772 quibus
1133 1722 1250 1760 etiam
1270 1724 1322 1760 ad
1344 1725 1508 1760 Brutum

174 1790 245 1828 tibi
285 1790 536 1828 scribendum
575 1796 642 1826 est.
717 1788 839 1826 Cuius
878 1787 1068 1837 epistulae
1105 1800 1224 1836 quam
1267 1787 1507 1837 interpretari

176 1855 259 1905 ipse
289 1855 350 1893 vix
379 1863 555 1905 poteram
587 1855 811 1903 exemplum
846 1853 971 1902 pridie
1001 1853 1071 1890 tibi
1101 1852 1294 1891 miseram.
1353 1852 1509 1890 Atticae

176 1934 287 1958 meae
307 1920 423 1958 velim
455 1933 517 1957 me
547 1918 599 1956 ita
628 1931 788 1956 excuses
818 1926 860 1955 ut
890 1931 1051 1955 omnem
1078 1919 1234 1967 culpam
1259 1917 1299 1955 in
1325 1925 1364 1956 te
1390 1925 1509 1956 trans-

118 2000 156 2031 25
176 1987 274 2024 feras
295 1994 332 2024 et
353 1986 387 2024 ei
415 1993 547 2023 tamen
574 1985 783 2022 confirmes
810 1997 874 2021 me
904 1983 1154 2021 immutatum
1178 1996 1353 2021 amorem
1373 1997 1507 2022 meum

175 2065 331 2089 mecum
352 2050 569 2088 abstulisse.

222 2166 260 2185 10
278 2155 415 2192 Bacchi,
427 2155 470 2185 de
480 2154 567 2194 vulg.
587 2166 593 2184 z
617 2154 760 2184 bachide
774 2152 834 2184 M:
857 2153 1035 2189 Bacchide,
1052 2153 1093 2183 de
1109 2151 1266 2183 Graevius
1380 2163 1416 2191 14
1433 2163 1506 2184 sus-

175 2198 313 2237 picabor
331 2209 359 2230 v.
370 2210 392 2229 c.
412 2197 440 2227 L
461 2197 597 2237 (nzalgf)
617 2192 845 2227 ZbORPAnt.
864 2209 869 2227 :
894 2198 1050 2235 suspicor
1068 2202 1095 2226 Δ
1242 2205 1278 2234 15
1303 2196 1384 2236 αὐτῇ
1403 2197 1506 2228 Boot:

174 2246 287 2272 autem
303 2242 345 2272 AW
473 2252 514 2271 20
540 2241 764 2271 Puteolanum
782 2240 989 2281 Mongaltins
1005 2251 1011 2270 :
1036 2239 1264 2270 Tusculanum
1283 2238 1324 2268 M
1466 2250 1507 2279 25

176 2286 384 2316 immutatum
410 2295 558 2315 amorem
583 2294 693 2314 meum
720 2283 928 2323 msenhmg:
955 2284 1069 2313 minuo
1091 2288 1197 2314 tutam
1221 2294 1337 2314 amore
1360 2294 1435 2314 meo
1449 2282 1505 2316 M:

176 2330 314 2360 minime
326 2334 432 2359 totum
450 2338 595 2359 amorem
613 2338 654 2358 eo
670 2327 691 2357 I
707 2327 776 2369 <sed
790 2327 818 2357 is
832 2328 874 2358 ab
892 2338 931 2357 ea
943 2332 1006 2367 pro
1023 2328 1080 2367 eo)
1100 2325 1173 2357 Vict.
