<?xml version="1.0" encoding="UTF-8"?>
<!DOCTYPE html PUBLIC "-//W3C//DTD XHTML 1.0 Transitional//EN"
    "http://www.w3.org/TR/xhtml1/DTD/xhtml1-transitional.dtd">
<html xmlns="http://www.w3.org/1999/xhtml" xml:lang="en" lang="en">
 <head>
  <title>
</title>
<meta http-equiv="Content-Type" content="text/html;charset=utf-8" />
  <meta name='ocr-system' content='tesseract 3.04.00' />
  <meta name='ocr-capabilities' content='ocr_page ocr_carea ocr_par ocr_line ocrx_word'/>
</head>
<body>
  <div class='ocr_page' id='page_1' title='image "./p2epistulaerecog02ciceuoft_0229.png"; bbox 0 0 1742 2651; ppageno 0'>
   <div class='ocr_carea' id='block_1_1' title="bbox 132 815 170 836">
    <p class='ocr_par' dir='ltr' id='par_1_1' title="bbox 132 815 170 836">
     <span class='ocr_line' id='line_1_1' title="bbox 132 815 170 836; baseline 0.026 -1"><span class='ocrx_word' id='word_1_1' title='bbox 132 815 170 836; x_wconf 88' lang='lat'>10</span> 
     </span>
    </p>
   </div>
   <div class='ocr_carea' id='block_1_2' title="bbox 126 1471 165 1492">
    <p class='ocr_par' dir='ltr' id='par_1_2' title="bbox 126 1471 165 1492">
     <span class='ocr_line' id='line_1_2' title="bbox 126 1471 165 1492; baseline 0 0"><span class='ocrx_word' id='word_1_2' title='bbox 126 1471 165 1492; x_wconf 85' lang='lat'>20</span> 
     </span>
    </p>
   </div>
   <div class='ocr_carea' id='block_1_3' title="bbox 124 2121 163 2150">
    <p class='ocr_par' dir='ltr' id='par_1_3' title="bbox 124 2121 163 2150">
     <span class='ocr_line' id='line_1_3' title="bbox 124 2121 163 2150; baseline 0 -9"><span class='ocrx_word' id='word_1_3' title='bbox 124 2121 163 2150; x_wconf 76' lang='lat'>30</span> 
     </span>
    </p>
   </div>
   <div class='ocr_carea' id='block_1_4' title="bbox 598 105 1635 143">
    <p class='ocr_par' dir='ltr' id='par_1_4' title="bbox 598 105 1635 143">
     <span class='ocr_line' id='line_1_4' title="bbox 598 105 1635 143; baseline 0 -1"><span class='ocrx_word' id='word_1_4' title='bbox 598 106 708 142; x_wconf 85' lang='lat' dir='ltr'><strong>EPP.</strong></span> <span class='ocrx_word' id='word_1_5' title='bbox 743 106 819 141; x_wconf 85' lang='lat' dir='ltr'>AD</span> <span class='ocrx_word' id='word_1_6' title='bbox 851 105 1107 143; x_wconf 74' lang='lat' dir='ltr'><strong>ATTICVM</strong></span> <span class='ocrx_word' id='word_1_7' title='bbox 1415 105 1524 142; x_wconf 79' lang='lat' dir='ltr'><strong>XIV.</strong></span> <span class='ocrx_word' id='word_1_8' title='bbox 1544 105 1635 142; x_wconf 75' lang='lat' dir='ltr'>xvii</span> 
     </span>
    </p>
   </div>
   <div class='ocr_carea' id='block_1_5' title="bbox 184 215 1566 1764">
    <p class='ocr_par' dir='ltr' id='par_1_5' title="bbox 188 215 1565 904">
     <span class='ocr_line' id='line_1_5' title="bbox 193 215 1524 264; baseline -0.001 -11"><span class='ocrx_word' id='word_1_9' title='bbox 193 216 286 253; x_wconf 86' lang='lat' dir='ltr'>mihi</span> <span class='ocrx_word' id='word_1_10' title='bbox 308 215 464 254; x_wconf 79' lang='lat' dir='ltr'>cenanti</span> <span class='ocrx_word' id='word_1_11' title='bbox 486 216 635 254; x_wconf 78' lang='lat' dir='ltr'>litterae</span> <span class='ocrx_word' id='word_1_12' title='bbox 656 223 745 254; x_wconf 87' lang='lat' dir='ltr'>tuae</span> <span class='ocrx_word' id='word_1_13' title='bbox 766 223 855 253; x_wconf 89' lang='lat' dir='ltr'>sunt</span> <span class='ocrx_word' id='word_1_14' title='bbox 881 215 1056 253; x_wconf 78' lang='lat' dir='ltr'>redditae</span> <span class='ocrx_word' id='word_1_15' title='bbox 1078 228 1174 264; x_wconf 82' lang='lat' dir='ltr'>quas</span> <span class='ocrx_word' id='word_1_16' title='bbox 1196 216 1360 253; x_wconf 76' lang='lat' dir='ltr'>dederas</span> <span class='ocrx_word' id='word_1_17' title='bbox 1384 216 1524 253; x_wconf 88' lang='lat' dir='ltr'>Deme-</span> 
     </span>
     <span class='ocr_line' id='line_1_6' title="bbox 191 279 1524 331; baseline 0 -13"><span class='ocrx_word' id='word_1_18' title='bbox 191 280 263 319; x_wconf 87' lang='lat' dir='ltr'>trio</span> <span class='ocrx_word' id='word_1_19' title='bbox 289 281 428 319; x_wconf 87' lang='lat' dir='ltr'>liberto</span> <span class='ocrx_word' id='word_1_20' title='bbox 455 295 508 331; x_wconf 91' lang='lat' dir='ltr'>pr.</span> <span class='ocrx_word' id='word_1_21' title='bbox 534 282 649 328; x_wconf 82' lang='lat' dir='ltr'>Kal.;</span> <span class='ocrx_word' id='word_1_22' title='bbox 683 281 723 318; x_wconf 87' lang='lat' dir='ltr'>in</span> <span class='ocrx_word' id='word_1_23' title='bbox 753 281 895 331; x_wconf 84' lang='lat' dir='ltr'>quibus</span> <span class='ocrx_word' id='word_1_24' title='bbox 924 281 1045 318; x_wconf 87' lang='lat' dir='ltr'>multa</span> <span class='ocrx_word' id='word_1_25' title='bbox 1073 279 1278 329; x_wconf 76' lang='lat' dir='ltr'>sapienter,</span> <span class='ocrx_word' id='word_1_26' title='bbox 1303 281 1370 318; x_wconf 87' lang='lat' dir='ltr'>sed</span> <span class='ocrx_word' id='word_1_27' title='bbox 1393 288 1524 318; x_wconf 87' lang='lat' dir='ltr'>tamen</span> 
     </span>
     <span class='ocr_line' id='line_1_7' title="bbox 191 345 1525 396; baseline -0.001 -13"><span class='ocrx_word' id='word_1_28' title='bbox 191 346 293 393; x_wconf 79' lang='lat' dir='ltr'>talia,</span> <span class='ocrx_word' id='word_1_29' title='bbox 315 360 432 396; x_wconf 90' lang='lat' dir='ltr'>quem</span> <span class='ocrx_word' id='word_1_30' title='bbox 453 348 503 384; x_wconf 90' lang='lat' dir='ltr'>ad</span> <span class='ocrx_word' id='word_1_31' title='bbox 526 348 688 384; x_wconf 91' lang='lat' dir='ltr'>modum</span> <span class='ocrx_word' id='word_1_32' title='bbox 711 354 792 384; x_wconf 89' lang='lat' dir='ltr'>tute</span> <span class='ocrx_word' id='word_1_33' title='bbox 814 345 1025 391; x_wconf 80' lang='lat' dir='ltr'>scribebas,</span> <span class='ocrx_word' id='word_1_34' title='bbox 1047 353 1087 383; x_wconf 89' lang='lat' dir='ltr'>ut</span> <span class='ocrx_word' id='word_1_35' title='bbox 1115 359 1234 383; x_wconf 88' lang='lat' dir='ltr'>omne</span> <span class='ocrx_word' id='word_1_36' title='bbox 1255 345 1463 383; x_wconf 85' lang='lat' dir='ltr'>consilium</span> <span class='ocrx_word' id='word_1_37' title='bbox 1484 345 1525 383; x_wconf 92' lang='lat' dir='ltr'>in</span> 
     </span>
     <span class='ocr_line' id='line_1_8' title="bbox 190 410 1524 461; baseline 0 -12"><span class='ocrx_word' id='word_1_38' title='bbox 190 412 345 449; x_wconf 90' lang='lat' dir='ltr'>fortuna</span> <span class='ocrx_word' id='word_1_39' title='bbox 365 411 537 461; x_wconf 91' lang='lat' dir='ltr'>positum</span> <span class='ocrx_word' id='word_1_40' title='bbox 559 411 764 449; x_wconf 87' lang='lat' dir='ltr'>videretur.</span> <span class='ocrx_word' id='word_1_41' title='bbox 825 412 965 460; x_wconf 84' lang='lat' dir='ltr'>Itaque</span> <span class='ocrx_word' id='word_1_42' title='bbox 992 410 1051 447; x_wconf 87' lang='lat' dir='ltr'>his</span> <span class='ocrx_word' id='word_1_43' title='bbox 1073 411 1123 448; x_wconf 92' lang='lat' dir='ltr'>de</span> <span class='ocrx_word' id='word_1_44' title='bbox 1145 411 1260 448; x_wconf 86' lang='lat' dir='ltr'>rebus</span> <span class='ocrx_word' id='word_1_45' title='bbox 1281 425 1326 448; x_wconf 81' lang='lat' dir='ltr'>ex</span> <span class='ocrx_word' id='word_1_46' title='bbox 1348 418 1524 460; x_wconf 89' lang='lat' dir='ltr'>tempore</span> 
     </span>
     <span class='ocr_line' id='line_1_9' title="bbox 189 475 1565 525; baseline 0.001 -12"><span class='ocrx_word' id='word_1_47' title='bbox 189 484 227 514; x_wconf 89' lang='lat' dir='ltr'>et</span> <span class='ocrx_word' id='word_1_48' title='bbox 248 490 390 514; x_wconf 90' lang='lat' dir='ltr'>coram.</span> <span class='ocrx_word' id='word_1_49' title='bbox 453 478 513 514; x_wconf 91' lang='lat' dir='ltr'>De</span> <span class='ocrx_word' id='word_1_50' title='bbox 536 476 744 514; x_wconf 86' lang='lat' dir='ltr'>Buthrotio</span> <span class='ocrx_word' id='word_1_51' title='bbox 765 475 924 525; x_wconf 83' lang='lat' dir='ltr'>negotio</span> <span class='ocrx_word' id='word_1_52' title='bbox 948 475 1097 512; x_wconf 88' lang='lat' dir='ltr'>utinam</span> <span class='ocrx_word' id='word_1_53' title='bbox 1120 475 1281 524; x_wconf 81' lang='lat' dir='ltr'>quidem</span> <span class='ocrx_word' id='word_1_54' title='bbox 1303 475 1521 514; x_wconf 89' lang='lat' dir='ltr'>Antonium</span> <span class='ocrx_word' id='word_1_55' title='bbox 1542 487 1565 514; x_wconf 87' lang='lat'>2</span> 
     </span>
     <span class='ocr_line' id='line_1_10' title="bbox 189 540 1524 590; baseline -0.001 -11"><span class='ocrx_word' id='word_1_56' title='bbox 189 541 448 580; x_wconf 81' lang='lat' dir='ltr'>conveniam!</span> <span class='ocrx_word' id='word_1_57' title='bbox 508 543 680 579; x_wconf 85' lang='lat' dir='ltr'>Multum</span> <span class='ocrx_word' id='word_1_58' title='bbox 721 542 896 590; x_wconf 90' lang='lat' dir='ltr'>profecto</span> <span class='ocrx_word' id='word_1_59' title='bbox 928 540 1142 589; x_wconf 87' lang='lat' dir='ltr'>proficiam.</span> <span class='ocrx_word' id='word_1_60' title='bbox 1202 541 1280 578; x_wconf 87' lang='lat' dir='ltr'>Sed</span> <span class='ocrx_word' id='word_1_61' title='bbox 1315 554 1395 578; x_wconf 91' lang='lat' dir='ltr'>non</span> <span class='ocrx_word' id='word_1_62' title='bbox 1427 541 1524 578; x_wconf 84' lang='lat' dir='ltr'>arbi-</span> 
     </span>
     <span class='ocr_line' id='line_1_11' title="bbox 189 605 1524 656; baseline -0.001 -12"><span class='ocrx_word' id='word_1_63' title='bbox 189 614 337 644; x_wconf 89' lang='lat' dir='ltr'>trantur</span> <span class='ocrx_word' id='word_1_64' title='bbox 363 619 453 644; x_wconf 88' lang='lat' dir='ltr'>eum</span> <span class='ocrx_word' id='word_1_65' title='bbox 474 620 497 644; x_wconf 90' lang='lat' dir='ltr'>a</span> <span class='ocrx_word' id='word_1_66' title='bbox 518 608 655 656; x_wconf 84' lang='lat' dir='ltr'>Capua</span> <span class='ocrx_word' id='word_1_67' title='bbox 683 606 968 644; x_wconf 78' lang='lat' dir='ltr'>declinaturum</span> <span class='ocrx_word' id='word_1_68' title='bbox 986 620 994 652; x_wconf 73' lang='lat'><em>3</em></span> <span class='ocrx_word' id='word_1_69' title='bbox 1028 618 1108 654; x_wconf 87' lang='lat' dir='ltr'>quo</span> <span class='ocrx_word' id='word_1_70' title='bbox 1129 605 1290 654; x_wconf 84' lang='lat' dir='ltr'>quidem</span> <span class='ocrx_word' id='word_1_71' title='bbox 1319 613 1453 644; x_wconf 90' lang='lat' dir='ltr'>metuo</span> <span class='ocrx_word' id='word_1_72' title='bbox 1475 620 1524 644; x_wconf 90' lang='lat' dir='ltr'>ne</span> 
     </span>
     <span class='ocr_line' id='line_1_12' title="bbox 190 669 1524 721; baseline -0.001 -12"><span class='ocrx_word' id='word_1_73' title='bbox 190 685 332 721; x_wconf 78' lang='lat' dir='ltr'>magno</span> <span class='ocrx_word' id='word_1_74' title='bbox 362 671 414 709; x_wconf 90' lang='lat' dir='ltr'>rei</span> <span class='ocrx_word' id='word_1_75' title='bbox 446 671 626 721; x_wconf 86' lang='lat' dir='ltr'>publicae</span> <span class='ocrx_word' id='word_1_76' title='bbox 658 673 760 708; x_wconf 84' lang='lat' dir='ltr'>malo</span> <span class='ocrx_word' id='word_1_77' title='bbox 791 669 948 708; x_wconf 87' lang='lat' dir='ltr'>venerit.</span> <span class='ocrx_word' id='word_1_78' title='bbox 1010 671 1131 718; x_wconf 86' lang='lat' dir='ltr'>Quod</span> <span class='ocrx_word' id='word_1_79' title='bbox 1162 669 1266 708; x_wconf 92' lang='lat' dir='ltr'>idem</span> <span class='ocrx_word' id='word_1_80' title='bbox 1299 672 1341 708; x_wconf 91' lang='lat' dir='ltr'>L.</span> <span class='ocrx_word' id='word_1_81' title='bbox 1367 670 1524 709; x_wconf 77' lang='lat' dir='ltr'>Caesari</span> 
     </span>
     <span class='ocr_line' id='line_1_13' title="bbox 188 734 1521 785; baseline -0.002 -11"><span class='ocrx_word' id='word_1_82' title='bbox 188 736 394 774; x_wconf 89' lang='lat' dir='ltr'>videbatur</span> <span class='ocrx_word' id='word_1_83' title='bbox 423 750 541 785; x_wconf 87' lang='lat' dir='ltr'>quem</span> <span class='ocrx_word' id='word_1_84' title='bbox 573 735 696 785; x_wconf 82' lang='lat' dir='ltr'>pridie</span> <span class='ocrx_word' id='word_1_85' title='bbox 723 734 890 784; x_wconf 84' lang='lat' dir='ltr'>Neapoli</span> <span class='ocrx_word' id='word_1_86' title='bbox 919 735 1120 772; x_wconf 88' lang='lat' dir='ltr'>adfectum</span> <span class='ocrx_word' id='word_1_87' title='bbox 1148 734 1313 784; x_wconf 80' lang='lat' dir='ltr'>graviter</span> <span class='ocrx_word' id='word_1_88' title='bbox 1336 735 1521 773; x_wconf 86' lang='lat' dir='ltr'>videram.</span> 
     </span>
     <span class='ocr_line' id='line_1_14' title="bbox 190 799 1525 850; baseline 0.001 -12"><span class='ocrx_word' id='word_1_89' title='bbox 190 803 321 850; x_wconf 87' lang='lat' dir='ltr'>Quam</span> <span class='ocrx_word' id='word_1_90' title='bbox 343 802 395 839; x_wconf 93' lang='lat' dir='ltr'>ob</span> <span class='ocrx_word' id='word_1_91' title='bbox 422 815 503 839; x_wconf 86' lang='lat' dir='ltr'>rem</span> <span class='ocrx_word' id='word_1_92' title='bbox 531 801 603 838; x_wconf 87' lang='lat' dir='ltr'>ista</span> <span class='ocrx_word' id='word_1_93' title='bbox 633 801 747 838; x_wconf 88' lang='lat' dir='ltr'>nobis</span> <span class='ocrx_word' id='word_1_94' title='bbox 773 801 823 838; x_wconf 90' lang='lat' dir='ltr'>ad</span> <span class='ocrx_word' id='word_1_95' title='bbox 847 801 934 837; x_wconf 87' lang='lat' dir='ltr'>Kal.</span> <span class='ocrx_word' id='word_1_96' title='bbox 960 799 1093 837; x_wconf 86' lang='lat' dir='ltr'>Iunias</span> <span class='ocrx_word' id='word_1_97' title='bbox 1121 801 1323 839; x_wconf 87' lang='lat' dir='ltr'>tractanda</span> <span class='ocrx_word' id='word_1_98' title='bbox 1350 808 1387 838; x_wconf 92' lang='lat' dir='ltr'>et</span> <span class='ocrx_word' id='word_1_99' title='bbox 1415 802 1525 850; x_wconf 91' lang='lat' dir='ltr'>perfi—</span> 
     </span>
     <span class='ocr_line' id='line_1_15' title="bbox 188 866 809 904; baseline 0 0"><span class='ocrx_word' id='word_1_100' title='bbox 188 866 329 904; x_wconf 88' lang='lat' dir='ltr'>cienda</span> <span class='ocrx_word' id='word_1_101' title='bbox 349 874 449 904; x_wconf 89' lang='lat' dir='ltr'>sunt.</span> <span class='ocrx_word' id='word_1_102' title='bbox 510 868 586 904; x_wconf 88' lang='lat' dir='ltr'>Sed</span> <span class='ocrx_word' id='word_1_103' title='bbox 609 868 809 904; x_wconf 83' lang='lat' dir='ltr'>hactenus.</span> 
     </span>
    </p>

    <p class='ocr_par' dir='ltr' id='par_1_6' title="bbox 185 930 1564 1308">
     <span class='ocr_line' id='line_1_16' title="bbox 242 930 1564 981; baseline 0 -12"><span class='ocrx_word' id='word_1_104' title='bbox 242 931 414 979; x_wconf 84' lang='lat' dir='ltr'>Quintus</span> <span class='ocrx_word' id='word_1_105' title='bbox 440 933 540 969; x_wconf 83' lang='lat' dir='ltr'>filius</span> <span class='ocrx_word' id='word_1_106' title='bbox 570 933 620 969; x_wconf 93' lang='lat' dir='ltr'>ad</span> <span class='ocrx_word' id='word_1_107' title='bbox 642 939 790 981; x_wconf 88' lang='lat' dir='ltr'>patrem</span> <span class='ocrx_word' id='word_1_108' title='bbox 817 930 1088 969; x_wconf 88' lang='lat' dir='ltr'>acerbissimas</span> <span class='ocrx_word' id='word_1_109' title='bbox 1110 930 1256 969; x_wconf 79' lang='lat' dir='ltr'>litteras</span> <span class='ocrx_word' id='word_1_110' title='bbox 1287 931 1391 969; x_wconf 83' lang='lat' dir='ltr'>misit</span> <span class='ocrx_word' id='word_1_111' title='bbox 1421 946 1521 981; x_wconf 78' lang='lat' dir='ltr'>quae</span> <span class='ocrx_word' id='word_1_112' title='bbox 1541 941 1564 978; x_wconf 88' lang='lat'><strong>3</strong></span> 
     </span>
     <span class='ocr_line' id='line_1_17' title="bbox 186 996 1520 1046; baseline 0.001 -12"><span class='ocrx_word' id='word_1_113' title='bbox 186 1004 277 1034; x_wconf 85' lang='lat' dir='ltr'>sunt</span> <span class='ocrx_word' id='word_1_114' title='bbox 298 996 332 1034; x_wconf 87' lang='lat' dir='ltr'>ei</span> <span class='ocrx_word' id='word_1_115' title='bbox 353 997 528 1035; x_wconf 74' lang='lat' dir='ltr'>redditae</span> <span class='ocrx_word' id='word_1_116' title='bbox 549 1011 639 1034; x_wconf 88' lang='lat' dir='ltr'>cum</span> <span class='ocrx_word' id='word_1_117' title='bbox 661 996 903 1035; x_wconf 82' lang='lat' dir='ltr'>venissemus</span> <span class='ocrx_word' id='word_1_118' title='bbox 924 996 964 1033; x_wconf 94' lang='lat' dir='ltr'>in</span> <span class='ocrx_word' id='word_1_119' title='bbox 987 996 1285 1046; x_wconf 83' lang='lat' dir='ltr'>Pompeianum.</span> <span class='ocrx_word' id='word_1_120' title='bbox 1344 999 1520 1046; x_wconf 84' lang='lat' dir='ltr'>Quarum</span> 
     </span>
     <span class='ocr_line' id='line_1_18' title="bbox 187 1062 1520 1111; baseline 0.001 -12"><span class='ocrx_word' id='word_1_121' title='bbox 187 1069 318 1100; x_wconf 87' lang='lat' dir='ltr'>tamen</span> <span class='ocrx_word' id='word_1_122' title='bbox 357 1070 438 1101; x_wconf 82' lang='lat' dir='ltr'>erat</span> <span class='ocrx_word' id='word_1_123' title='bbox 476 1070 593 1111; x_wconf 86' lang='lat' dir='ltr'>caput</span> <span class='ocrx_word' id='word_1_124' title='bbox 626 1062 825 1111; x_wconf 83' lang='lat' dir='ltr'>Aquiliam</span> <span class='ocrx_word' id='word_1_125' title='bbox 861 1076 1069 1100; x_wconf 64' lang='lat' dir='ltr'>novercam</span> <span class='ocrx_word' id='word_1_126' title='bbox 1107 1076 1187 1099; x_wconf 87' lang='lat' dir='ltr'>non</span> <span class='ocrx_word' id='word_1_127' title='bbox 1222 1076 1306 1100; x_wconf 84' lang='lat' dir='ltr'>esse</span> <span class='ocrx_word' id='word_1_128' title='bbox 1341 1064 1520 1101; x_wconf 86' lang='lat' dir='ltr'>laturum.</span> 
     </span>
     <span class='ocr_line' id='line_1_19' title="bbox 186 1127 1522 1173; baseline 0.001 -8"><span class='ocrx_word' id='word_1_129' title='bbox 186 1128 263 1165; x_wconf 90' lang='lat' dir='ltr'>Sed</span> <span class='ocrx_word' id='word_1_130' title='bbox 286 1128 361 1165; x_wconf 89' lang='lat' dir='ltr'>hoc</span> <span class='ocrx_word' id='word_1_131' title='bbox 383 1127 583 1166; x_wconf 79' lang='lat' dir='ltr'>tolerabile</span> <span class='ocrx_word' id='word_1_132' title='bbox 605 1129 776 1173; x_wconf 83' lang='lat' dir='ltr'>fortasse,</span> <span class='ocrx_word' id='word_1_133' title='bbox 802 1127 896 1165; x_wconf 94' lang='lat' dir='ltr'>illud</span> <span class='ocrx_word' id='word_1_134' title='bbox 917 1141 1019 1173; x_wconf 78' lang='lat' dir='ltr'>vero,</span> <span class='ocrx_word' id='word_1_135' title='bbox 1044 1141 1084 1165; x_wconf 89' lang='lat' dir='ltr'>se</span> <span class='ocrx_word' id='word_1_136' title='bbox 1105 1141 1127 1165; x_wconf 85' lang='lat' dir='ltr'>a</span> <span class='ocrx_word' id='word_1_137' title='bbox 1149 1128 1316 1166; x_wconf 82' lang='lat' dir='ltr'>Caesare</span> <span class='ocrx_word' id='word_1_138' title='bbox 1338 1129 1522 1167; x_wconf 86' lang='lat' dir='ltr'>habuisse</span> 
     </span>
     <span class='ocr_line' id='line_1_20' title="bbox 185 1192 1523 1244; baseline 0.001 -14"><span class='ocrx_word' id='word_1_139' title='bbox 185 1192 328 1239; x_wconf 86' lang='lat' dir='ltr'>omnia,</span> <span class='ocrx_word' id='word_1_140' title='bbox 353 1193 449 1231; x_wconf 82' lang='lat' dir='ltr'>nihil</span> <span class='ocrx_word' id='word_1_141' title='bbox 478 1206 501 1230; x_wconf 87' lang='lat' dir='ltr'>a</span> <span class='ocrx_word' id='word_1_142' title='bbox 530 1201 649 1242; x_wconf 84' lang='lat' dir='ltr'>patre,</span> <span class='ocrx_word' id='word_1_143' title='bbox 677 1192 825 1242; x_wconf 79' lang='lat' dir='ltr'>reliqua</span> <span class='ocrx_word' id='word_1_144' title='bbox 854 1206 1008 1242; x_wconf 85' lang='lat' dir='ltr'>sperare</span> <span class='ocrx_word' id='word_1_145' title='bbox 1037 1193 1088 1231; x_wconf 89' lang='lat' dir='ltr'>ab</span> <span class='ocrx_word' id='word_1_146' title='bbox 1109 1192 1368 1231; x_wconf 73' lang='lat' dir='ltr'>Antonio—o</span> <span class='ocrx_word' id='word_1_147' title='bbox 1398 1194 1523 1244; x_wconf 88' lang='lat' dir='ltr'>perdi—</span> 
     </span>
     <span class='ocr_line' id='line_1_21' title="bbox 185 1258 841 1308; baseline 0 -12"><span class='ocrx_word' id='word_1_148' title='bbox 185 1266 268 1296; x_wconf 89' lang='lat' dir='ltr'>tum</span> <span class='ocrx_word' id='word_1_149' title='bbox 290 1258 493 1296; x_wconf 88' lang='lat' dir='ltr'>hominem</span> <span class='ocrx_word' id='word_1_150' title='bbox 511 1261 517 1295; x_wconf 70' lang='grc' dir='ltr'>Ι</span> <span class='ocrx_word' id='word_1_151' title='bbox 576 1260 653 1297; x_wconf 90' lang='lat' dir='ltr'>Sed</span> <span class='ocrx_word' id='word_1_152' title='bbox 673 1260 841 1308; x_wconf 83' lang='grc' dir='ltr'>μελήσει.</span> 
     </span>
    </p>

    <p class='ocr_par' dir='ltr' id='par_1_7' title="bbox 184 1324 1566 1570">
     <span class='ocr_line' id='line_1_22' title="bbox 241 1324 1566 1374; baseline 0.001 -12"><span class='ocrx_word' id='word_1_153' title='bbox 241 1325 306 1362; x_wconf 88' lang='lat' dir='ltr'>Ad</span> <span class='ocrx_word' id='word_1_154' title='bbox 329 1326 493 1362; x_wconf 85' lang='lat' dir='ltr'>Brutum</span> <span class='ocrx_word' id='word_1_155' title='bbox 515 1332 703 1371; x_wconf 85' lang='lat' dir='ltr'>nostrum,</span> <span class='ocrx_word' id='word_1_156' title='bbox 719 1325 769 1362; x_wconf 89' lang='lat' dir='ltr'>ad</span> <span class='ocrx_word' id='word_1_157' title='bbox 784 1324 977 1371; x_wconf 88' lang='lat' dir='ltr'>Cassium,</span> <span class='ocrx_word' id='word_1_158' title='bbox 995 1325 1045 1361; x_wconf 88' lang='lat' dir='ltr'>ad</span> <span class='ocrx_word' id='word_1_159' title='bbox 1065 1324 1314 1361; x_wconf 85' lang='lat' dir='ltr'>Dolabellam</span> <span class='ocrx_word' id='word_1_160' title='bbox 1336 1324 1521 1374; x_wconf 82' lang='lat' dir='ltr'>epistulas</span> <span class='ocrx_word' id='word_1_161' title='bbox 1540 1335 1566 1372; x_wconf 90' lang='lat'>4</span> 
     </span>
     <span class='ocr_line' id='line_1_23' title="bbox 184 1389 1522 1440; baseline 0.001 -13"><span class='ocrx_word' id='word_1_162' title='bbox 184 1389 330 1440; x_wconf 88' lang='lat' dir='ltr'>scripsi.</span> <span class='ocrx_word' id='word_1_163' title='bbox 392 1391 536 1427; x_wconf 90' lang='lat' dir='ltr'>Earum</span> <span class='ocrx_word' id='word_1_164' title='bbox 565 1391 744 1440; x_wconf 76' lang='lat' dir='ltr'>exempla</span> <span class='ocrx_word' id='word_1_165' title='bbox 770 1390 840 1427; x_wconf 91' lang='lat' dir='ltr'>tibi</span> <span class='ocrx_word' id='word_1_166' title='bbox 868 1389 966 1436; x_wconf 90' lang='lat' dir='ltr'>misi,</span> <span class='ocrx_word' id='word_1_167' title='bbox 990 1403 1071 1428; x_wconf 89' lang='lat' dir='ltr'>non</span> <span class='ocrx_word' id='word_1_168' title='bbox 1099 1398 1139 1427; x_wconf 90' lang='lat' dir='ltr'>ut</span> <span class='ocrx_word' id='word_1_169' title='bbox 1161 1389 1418 1428; x_wconf 83' lang='lat' dir='ltr'>deliberarem</span> <span class='ocrx_word' id='word_1_170' title='bbox 1440 1392 1522 1429; x_wconf 85' lang='lat' dir='ltr'>red-</span> 
     </span>
     <span class='ocr_line' id='line_1_24' title="bbox 184 1455 1520 1505; baseline 0.001 -12"><span class='ocrx_word' id='word_1_171' title='bbox 184 1457 392 1494; x_wconf 86' lang='lat' dir='ltr'>dendaene</span> <span class='ocrx_word' id='word_1_172' title='bbox 413 1463 553 1494; x_wconf 84' lang='lat' dir='ltr'>essent.</span> <span class='ocrx_word' id='word_1_173' title='bbox 614 1457 736 1494; x_wconf 86' lang='lat' dir='ltr'>Plane</span> <span class='ocrx_word' id='word_1_174' title='bbox 757 1455 862 1494; x_wconf 89' lang='lat' dir='ltr'>enim</span> <span class='ocrx_word' id='word_1_175' title='bbox 890 1455 1023 1493; x_wconf 87' lang='lat' dir='ltr'>iudico</span> <span class='ocrx_word' id='word_1_176' title='bbox 1048 1469 1132 1493; x_wconf 89' lang='lat' dir='ltr'>esse</span> <span class='ocrx_word' id='word_1_177' title='bbox 1155 1456 1389 1501; x_wconf 86' lang='lat' dir='ltr'>reddendas,</span> <span class='ocrx_word' id='word_1_178' title='bbox 1412 1457 1520 1505; x_wconf 85' lang='lat' dir='ltr'>quod</span> 
     </span>
     <span class='ocr_line' id='line_1_25' title="bbox 185 1520 1124 1570; baseline -0.001 -12"><span class='ocrx_word' id='word_1_179' title='bbox 185 1534 266 1558; x_wconf 89' lang='lat' dir='ltr'>non</span> <span class='ocrx_word' id='word_1_180' title='bbox 287 1520 427 1558; x_wconf 90' lang='lat' dir='ltr'>dubito</span> <span class='ocrx_word' id='word_1_181' title='bbox 447 1520 542 1570; x_wconf 87' lang='lat' dir='ltr'>quin</span> <span class='ocrx_word' id='word_1_182' title='bbox 564 1528 605 1558; x_wconf 91' lang='lat' dir='ltr'>tu</span> <span class='ocrx_word' id='word_1_183' title='bbox 627 1520 732 1559; x_wconf 88' lang='lat' dir='ltr'>idem</span> <span class='ocrx_word' id='word_1_184' title='bbox 755 1520 1042 1559; x_wconf 85' lang='lat' dir='ltr'>existimaturus</span> <span class='ocrx_word' id='word_1_185' title='bbox 1063 1520 1124 1558; x_wconf 81' lang='lat' dir='ltr'>sis,</span> 
     </span>
    </p>

    <p class='ocr_par' dir='ltr' id='par_1_8' title="bbox 185 1585 1566 1764">
     <span class='ocr_line' id='line_1_26' title="bbox 238 1585 1563 1637; baseline 0 -13"><span class='ocrx_word' id='word_1_186' title='bbox 238 1585 421 1624; x_wconf 89' lang='lat' dir='ltr'>Ciceroni</span> <span class='ocrx_word' id='word_1_187' title='bbox 449 1599 549 1631; x_wconf 90' lang='lat' dir='ltr'>meo,</span> <span class='ocrx_word' id='word_1_188' title='bbox 573 1585 626 1622; x_wconf 91' lang='lat' dir='ltr'>mi</span> <span class='ocrx_word' id='word_1_189' title='bbox 648 1585 788 1631; x_wconf 84' lang='lat' dir='ltr'>Attice,</span> <span class='ocrx_word' id='word_1_190' title='bbox 813 1585 1083 1635; x_wconf 89' lang='lat' dir='ltr'>suppeditabis</span> <span class='ocrx_word' id='word_1_191' title='bbox 1111 1593 1303 1635; x_wconf 81' lang='lat' dir='ltr'>quantum</span> <span class='ocrx_word' id='word_1_192' title='bbox 1325 1585 1520 1624; x_wconf 89' lang='lat' dir='ltr'>videbitur</span> <span class='ocrx_word' id='word_1_193' title='bbox 1538 1599 1563 1637; x_wconf 89' lang='lat'>5</span> 
     </span>
     <span class='ocr_line' id='line_1_27' title="bbox 185 1649 1519 1700; baseline 0.001 -13"><span class='ocrx_word' id='word_1_194' title='bbox 185 1664 327 1700; x_wconf 87' lang='lat' dir='ltr'>meque</span> <span class='ocrx_word' id='word_1_195' title='bbox 348 1652 424 1688; x_wconf 85' lang='lat' dir='ltr'>hoc</span> <span class='ocrx_word' id='word_1_196' title='bbox 445 1650 515 1688; x_wconf 91' lang='lat' dir='ltr'>tibi</span> <span class='ocrx_word' id='word_1_197' title='bbox 541 1664 640 1688; x_wconf 87' lang='lat' dir='ltr'>onus</span> <span class='ocrx_word' id='word_1_198' title='bbox 666 1650 868 1700; x_wconf 85' lang='lat' dir='ltr'>imponere</span> <span class='ocrx_word' id='word_1_199' title='bbox 893 1649 1048 1700; x_wconf 88' lang='lat' dir='ltr'>patiere.</span> <span class='ocrx_word' id='word_1_200' title='bbox 1110 1652 1223 1698; x_wconf 83' lang='lat' dir='ltr'>Quae</span> <span class='ocrx_word' id='word_1_201' title='bbox 1244 1651 1374 1688; x_wconf 82' lang='lat' dir='ltr'>adhuc</span> <span class='ocrx_word' id='word_1_202' title='bbox 1396 1650 1519 1688; x_wconf 87' lang='lat' dir='ltr'>fecisti</span> 
     </span>
     <span class='ocr_line' id='line_1_28' title="bbox 185 1715 1566 1764; baseline 0.002 -12"><span class='ocrx_word' id='word_1_203' title='bbox 185 1715 279 1752; x_wconf 84' lang='lat' dir='ltr'>mihi</span> <span class='ocrx_word' id='word_1_204' title='bbox 310 1723 399 1753; x_wconf 84' lang='lat' dir='ltr'>sunt</span> <span class='ocrx_word' id='word_1_205' title='bbox 429 1715 655 1764; x_wconf 79' lang='lat' dir='ltr'>gratissima.</span> <span class='ocrx_word' id='word_1_206' title='bbox 718 1715 879 1753; x_wconf 89' lang='lat' dir='ltr'>Librum</span> <span class='ocrx_word' id='word_1_207' title='bbox 912 1729 1043 1753; x_wconf 88' lang='lat' dir='ltr'>meum</span> <span class='ocrx_word' id='word_1_208' title='bbox 1075 1715 1182 1753; x_wconf 85' lang='lat' dir='ltr'>illum</span> <span class='ocrx_word' id='word_1_209' title='bbox 1212 1716 1405 1754; x_wconf 77' lang='grc' dir='ltr'>ἀνέκδοτον</span> <span class='ocrx_word' id='word_1_210' title='bbox 1425 1730 1519 1754; x_wconf 85' lang='lat' dir='ltr'>non·</span> <span class='ocrx_word' id='word_1_211' title='bbox 1538 1717 1566 1755; x_wconf 89' lang='grc'>6</span> 
     </span>
    </p>
   </div>
   <div class='ocr_carea' id='block_1_6' title="bbox 148 1780 1518 1830">
    <p class='ocr_par' dir='ltr' id='par_1_9' title="bbox 148 1780 1518 1830">
     <span class='ocr_line' id='line_1_29' title="bbox 148 1780 1518 1830; baseline 0.001 -12"><span class='ocrx_word' id='word_1_212' title='bbox 148 1798 163 1828; x_wconf 79' lang='lat'>5</span> <span class='ocrx_word' id='word_1_213' title='bbox 184 1782 291 1826; x_wconf 89' lang='lat' dir='ltr'>dum,</span> <span class='ocrx_word' id='word_1_214' title='bbox 315 1788 356 1818; x_wconf 87' lang='lat' dir='ltr'>ut</span> <span class='ocrx_word' id='word_1_215' title='bbox 377 1780 492 1827; x_wconf 84' lang='lat' dir='ltr'>volui,</span> <span class='ocrx_word' id='word_1_216' title='bbox 517 1780 704 1830; x_wconf 78' lang='lat' dir='ltr'>perpolivi</span> <span class='ocrx_word' id='word_1_217' title='bbox 723 1796 730 1827; x_wconf 80' lang='grc'>;</span> <span class='ocrx_word' id='word_1_218' title='bbox 764 1781 837 1819; x_wconf 88' lang='lat' dir='ltr'>ista</span> <span class='ocrx_word' id='word_1_219' title='bbox 857 1795 948 1819; x_wconf 90' lang='lat' dir='ltr'>vero</span> <span class='ocrx_word' id='word_1_220' title='bbox 969 1794 1070 1830; x_wconf 85' lang='lat' dir='ltr'>quae</span> <span class='ocrx_word' id='word_1_221' title='bbox 1091 1788 1131 1818; x_wconf 93' lang='lat' dir='ltr'>tu</span> <span class='ocrx_word' id='word_1_222' title='bbox 1153 1781 1308 1819; x_wconf 86' lang='lat' dir='ltr'>contexi</span> <span class='ocrx_word' id='word_1_223' title='bbox 1330 1781 1385 1819; x_wconf 88' lang='lat' dir='ltr'>vis</span> <span class='ocrx_word' id='word_1_224' title='bbox 1412 1781 1518 1820; x_wconf 86' lang='lat' dir='ltr'>aliud</span> 
     </span>
    </p>
   </div>
   <div class='ocr_carea' id='block_1_7' title="bbox 183 1847 1519 2156">
    <p class='ocr_par' dir='ltr' id='par_1_10' title="bbox 183 1847 1519 2156">
     <span class='ocr_line' id='line_1_30' title="bbox 184 1847 1516 1896; baseline 0.001 -13"><span class='ocrx_word' id='word_1_225' title='bbox 184 1847 386 1896; x_wconf 83' lang='lat' dir='ltr'>quoddam</span> <span class='ocrx_word' id='word_1_226' title='bbox 433 1854 654 1895; x_wconf 85' lang='lat' dir='ltr'>separatum</span> <span class='ocrx_word' id='word_1_227' title='bbox 696 1847 881 1884; x_wconf 88' lang='lat' dir='ltr'>volumen</span> <span class='ocrx_word' id='word_1_228' title='bbox 930 1853 1167 1895; x_wconf 83' lang='lat' dir='ltr'>exspectant.</span> <span class='ocrx_word' id='word_1_229' title='bbox 1241 1848 1325 1896; x_wconf 84' lang='lat' dir='ltr'>Ego</span> <span class='ocrx_word' id='word_1_230' title='bbox 1372 1854 1516 1892; x_wconf 87' lang='lat' dir='ltr'>autem,</span> 
     </span>
     <span class='ocr_line' id='line_1_31' title="bbox 183 1911 1519 1962; baseline 0 -13"><span class='ocrx_word' id='word_1_231' title='bbox 183 1913 319 1949; x_wconf 86' lang='lat' dir='ltr'>credas</span> <span class='ocrx_word' id='word_1_232' title='bbox 352 1911 447 1948; x_wconf 86' lang='lat' dir='ltr'>mihi</span> <span class='ocrx_word' id='word_1_233' title='bbox 479 1911 606 1957; x_wconf 90' lang='lat' dir='ltr'>velim,</span> <span class='ocrx_word' id='word_1_234' title='bbox 644 1911 794 1950; x_wconf 90' lang='lat' dir='ltr'>minore</span> <span class='ocrx_word' id='word_1_235' title='bbox 833 1911 1007 1962; x_wconf 88' lang='lat' dir='ltr'>periculo</span> <span class='ocrx_word' id='word_1_236' title='bbox 1047 1911 1227 1949; x_wconf 81' lang='lat' dir='ltr'>existimo</span> <span class='ocrx_word' id='word_1_237' title='bbox 1265 1919 1401 1949; x_wconf 87' lang='lat' dir='ltr'>contra</span> <span class='ocrx_word' id='word_1_238' title='bbox 1435 1911 1519 1949; x_wconf 87' lang='lat' dir='ltr'>illas</span> 
     </span>
     <span class='ocr_line' id='line_1_32' title="bbox 184 1976 1515 2027; baseline 0.001 -14"><span class='ocrx_word' id='word_1_239' title='bbox 184 1976 348 2014; x_wconf 83' lang='lat' dir='ltr'>nefarias</span> <span class='ocrx_word' id='word_1_240' title='bbox 387 1976 506 2027; x_wconf 87' lang='lat' dir='ltr'>partis</span> <span class='ocrx_word' id='word_1_241' title='bbox 540 1976 628 2015; x_wconf 80' lang='lat' dir='ltr'>vivo</span> <span class='ocrx_word' id='word_1_242' title='bbox 667 1985 831 2026; x_wconf 83' lang='lat' dir='ltr'>tyranno</span> <span class='ocrx_word' id='word_1_243' title='bbox 871 1977 948 2016; x_wconf 90' lang='lat' dir='ltr'>dici</span> <span class='ocrx_word' id='word_1_244' title='bbox 975 1976 1157 2027; x_wconf 89' lang='lat' dir='ltr'>potuisse</span> <span class='ocrx_word' id='word_1_245' title='bbox 1190 1990 1308 2026; x_wconf 87' lang='lat' dir='ltr'>quam</span> <span class='ocrx_word' id='word_1_246' title='bbox 1348 1984 1515 2014; x_wconf 90' lang='lat' dir='ltr'>mortuo.</span> 
     </span>
     <span class='ocr_line' id='line_1_33' title="bbox 186 2040 1516 2092; baseline 0.001 -14"><span class='ocrx_word' id='word_1_247' title='bbox 186 2042 256 2079; x_wconf 89' lang='lat' dir='ltr'>Ille</span> <span class='ocrx_word' id='word_1_248' title='bbox 281 2041 385 2079; x_wconf 91' lang='lat' dir='ltr'>enim</span> <span class='ocrx_word' id='word_1_249' title='bbox 414 2041 547 2080; x_wconf 87' lang='lat' dir='ltr'>nescio</span> <span class='ocrx_word' id='word_1_250' title='bbox 568 2055 648 2092; x_wconf 85' lang='lat' dir='ltr'>quo</span> <span class='ocrx_word' id='word_1_251' title='bbox 675 2050 791 2092; x_wconf 88' lang='lat' dir='ltr'>pacto</span> <span class='ocrx_word' id='word_1_252' title='bbox 818 2042 966 2080; x_wconf 84' lang='lat' dir='ltr'>ferebat</span> <span class='ocrx_word' id='word_1_253' title='bbox 995 2056 1057 2080; x_wconf 91' lang='lat' dir='ltr'>me</span> <span class='ocrx_word' id='word_1_254' title='bbox 1078 2041 1238 2092; x_wconf 86' lang='lat' dir='ltr'>quidem</span> <span class='ocrx_word' id='word_1_255' title='bbox 1268 2040 1516 2088; x_wconf 79' lang='lat' dir='ltr'>mirabiliter3</span> 
     </span>
     <span class='ocr_line' id='line_1_34' title="bbox 184 2106 1516 2156; baseline 0 -13"><span class='ocrx_word' id='word_1_256' title='bbox 184 2120 289 2144; x_wconf 89' lang='lat' dir='ltr'>nunc</span> <span class='ocrx_word' id='word_1_257' title='bbox 313 2121 565 2156; x_wconf 84' lang='lat' dir='ltr'>quacumque</span> <span class='ocrx_word' id='word_1_258' title='bbox 592 2121 664 2145; x_wconf 91' lang='lat' dir='ltr'>nos</span> <span class='ocrx_word' id='word_1_259' title='bbox 689 2107 988 2154; x_wconf 85' lang='lat' dir='ltr'>commovimus,</span> <span class='ocrx_word' id='word_1_260' title='bbox 1011 2109 1061 2146; x_wconf 90' lang='lat' dir='ltr'>ad</span> <span class='ocrx_word' id='word_1_261' title='bbox 1084 2106 1261 2146; x_wconf 86' lang='lat' dir='ltr'>Caesaris</span> <span class='ocrx_word' id='word_1_262' title='bbox 1289 2120 1369 2144; x_wconf 91' lang='lat' dir='ltr'>non</span> <span class='ocrx_word' id='word_1_263' title='bbox 1395 2108 1516 2144; x_wconf 89' lang='lat' dir='ltr'>modo</span> 
     </span>
    </p>
   </div>
   <div class='ocr_carea' id='block_1_8' title="bbox 183 2210 1520 2380">
    <p class='ocr_par' dir='ltr' id='par_1_11' title="bbox 183 2210 1520 2380">
     <span class='ocr_line' id='line_1_35' title="bbox 230 2210 1520 2252; baseline 0 -13"><span class='ocrx_word' id='word_1_264' title='bbox 230 2221 262 2240; x_wconf 88' lang='lat'>11</span> <span class='ocrx_word' id='word_1_265' title='bbox 290 2211 373 2241; x_wconf 86' lang='lat' dir='ltr'>haec</span> <span class='ocrx_word' id='word_1_266' title='bbox 392 2215 465 2240; x_wconf 74' lang='lat' dir='ltr'>aule</span> <span class='ocrx_word' id='word_1_267' title='bbox 482 2211 645 2241; x_wconf 82' lang='lat' dir='ltr'>hactenus</span> <span class='ocrx_word' id='word_1_268' title='bbox 664 2211 739 2241; x_wconf 76' lang='lat' dir='ltr'>add.</span> <span class='ocrx_word' id='word_1_269' title='bbox 762 2211 863 2241; x_wconf 71' lang='lat' dir='ltr'>Orelli</span> <span class='ocrx_word' id='word_1_270' title='bbox 1012 2222 1049 2249; x_wconf 92' lang='lat'>14</span> <span class='ocrx_word' id='word_1_271' title='bbox 1075 2222 1112 2242; x_wconf 85' lang='lat' dir='ltr'>se</span> <span class='ocrx_word' id='word_1_272' title='bbox 1125 2216 1200 2252; x_wconf 80' lang='lat' dir='ltr'>post</span> <span class='ocrx_word' id='word_1_273' title='bbox 1216 2222 1292 2242; x_wconf 86' lang='lat' dir='ltr'>esse</span> <span class='ocrx_word' id='word_1_274' title='bbox 1311 2211 1386 2241; x_wconf 79' lang='lat' dir='ltr'>add.</span> <span class='ocrx_word' id='word_1_275' title='bbox 1406 2210 1520 2241; x_wconf 70' lang='lat' dir='ltr'>Baiter</span> 
     </span>
     <span class='ocr_line' id='line_1_36' title="bbox 183 2255 1515 2295; baseline -0.001 -11"><span class='ocrx_word' id='word_1_276' title='bbox 183 2265 225 2284; x_wconf 86' lang='lat'>20</span> <span class='ocrx_word' id='word_1_277' title='bbox 248 2260 363 2284; x_wconf 84' lang='lat' dir='ltr'>essent</span> <span class='ocrx_word' id='word_1_278' title='bbox 382 2255 498 2294; x_wconf 51' lang='lat' dir='ltr'>&lt;plane</span> <span class='ocrx_word' id='word_1_279' title='bbox 519 2278 526 2284; x_wconf 93' lang='lat'>.</span> <span class='ocrx_word' id='word_1_280' title='bbox 547 2277 554 2284; x_wconf 88' lang='lat'>.</span> <span class='ocrx_word' id='word_1_281' title='bbox 578 2279 584 2285; x_wconf 87' lang='lat'>.</span> <span class='ocrx_word' id='word_1_282' title='bbox 603 2255 809 2293; x_wconf 73' lang='lat' dir='ltr'>reddendas)</span> <span class='ocrx_word' id='word_1_283' title='bbox 829 2256 889 2285; x_wconf 87' lang='lat' dir='ltr'>sed</span> <span class='ocrx_word' id='word_1_284' title='bbox 907 2255 995 2293; x_wconf 89' lang='lat' dir='ltr'>quod</span> <span class='ocrx_word' id='word_1_285' title='bbox 1014 2255 1101 2295; x_wconf 84' lang='lat' dir='ltr'><em>vulg.</em></span> <span class='ocrx_word' id='word_1_286' title='bbox 1122 2267 1128 2286; x_wconf 88' lang='lat'><strong>:</strong></span> <span class='ocrx_word' id='word_1_287' title='bbox 1152 2256 1212 2286; x_wconf 80' lang='lat' dir='ltr'>sed</span> <span class='ocrx_word' id='word_1_288' title='bbox 1231 2266 1295 2286; x_wconf 77' lang='lat' dir='ltr'>ont.</span> <span class='ocrx_word' id='word_1_289' title='bbox 1316 2255 1356 2284; x_wconf 88' lang='lat' dir='ltr'><em>M</em></span> <span class='ocrx_word' id='word_1_290' title='bbox 1473 2263 1515 2292; x_wconf 86' lang='lat'>25</span> 
     </span>
     <span class='ocr_line' id='line_1_37' title="bbox 183 2297 1513 2338; baseline 0.002 -12"><span class='ocrx_word' id='word_1_291' title='bbox 183 2303 218 2326; x_wconf 87' lang='lat' dir='ltr'>ut</span> <span class='ocrx_word' id='word_1_292' title='bbox 235 2308 290 2327; x_wconf 81' lang='lat' dir='ltr'>ont</span> <span class='ocrx_word' id='word_1_293' title='bbox 308 2297 361 2327; x_wconf 79' lang='lat' dir='ltr'>Ml</span> <span class='ocrx_word' id='word_1_294' title='bbox 517 2297 652 2328; x_wconf 85' lang='lat' dir='ltr'>contexi</span> <span class='ocrx_word' id='word_1_295' title='bbox 678 2299 729 2329; x_wconf 83' lang='lat' dir='ltr'>vis</span> <span class='ocrx_word' id='word_1_296' title='bbox 757 2298 805 2329; x_wconf 79' lang='lat' dir='ltr'>C:</span> <span class='ocrx_word' id='word_1_297' title='bbox 841 2298 1025 2329; x_wconf 85' lang='lat' dir='ltr'>convexius</span> <span class='ocrx_word' id='word_1_298' title='bbox 1040 2298 1082 2328; x_wconf 93' lang='lat' dir='ltr'><em>M</em></span> <span class='ocrx_word' id='word_1_299' title='bbox 1245 2310 1285 2338; x_wconf 87' lang='lat'>27</span> <span class='ocrx_word' id='word_1_300' title='bbox 1313 2299 1429 2328; x_wconf 83' lang='lat' dir='ltr'>credas</span> <span class='ocrx_word' id='word_1_301' title='bbox 1445 2301 1513 2329; x_wconf 81' lang='lat' dir='ltr'>vett.</span> 
     </span>
     <span class='ocr_line' id='line_1_38' title="bbox 184 2339 623 2380; baseline 0 -9"><span class='ocrx_word' id='word_1_302' title='bbox 184 2342 307 2380; x_wconf 80' lang='lat' dir='ltr'>predas</span> <span class='ocrx_word' id='word_1_303' title='bbox 323 2339 376 2371; x_wconf 82' lang='lat' dir='ltr'>M1</span> <span class='ocrx_word' id='word_1_304' title='bbox 392 2352 399 2370; x_wconf 89' lang='lat'>:</span> <span class='ocrx_word' id='word_1_305' title='bbox 426 2342 551 2380; x_wconf 82' lang='lat' dir='ltr'>prodas</span> <span class='ocrx_word' id='word_1_306' title='bbox 569 2341 623 2370; x_wconf 81' lang='lat' dir='ltr'><em>M·-&#39;</em></span> 
     </span>
    </p>
   </div>
  </div>
 </body>
</html>
