1742 2651
113 915 152 937 10

112 1623 151 1644 20

577 123 688 160 EPP.
721 122 798 158 AD
829 121 1089 158 ATTICVM
1409 120 1505 156 XII.
1525 118 1650 156 xxvii

173 235 331 285 iamque
351 235 434 285 ipsa
455 233 620 272 contrita
642 241 741 271 sunt.
794 235 947 270 Tamen
970 233 1096 269 facere
1119 244 1199 269 non
1220 244 1380 280 possum
1404 229 1499 279 quin

173 300 318 338 cotidie
338 301 389 338 ad
409 307 447 337 te
467 299 619 336 mittam
642 306 682 336 ut
704 306 789 336 tuas
810 297 1012 347 accipiam.
1075 298 1136 334 De
1159 298 1281 334 Bruto
1302 303 1444 341 tamen,
1468 294 1498 332 si
1518 306 1543 342 3

172 364 269 414 quid
298 363 472 402 habebis.
532 363 626 401 Sciri
649 363 753 400 enim
776 362 853 400 iam
875 369 971 411 puto
993 360 1060 399 ubi
1089 363 1258 398 Pansam
1288 368 1496 409 exspectet.

172 428 222 476 Si,
246 437 288 466 ut
308 429 555 466 consuetudo
575 435 643 473 est,
668 427 706 464 in
729 427 853 476 prima
873 425 1086 476 provincia,
1109 425 1260 463 circiter
1283 426 1369 462 Kal.
1393 426 1501 462 adfu-

172 502 279 532 turus
311 493 471 531 videtur.
531 493 684 529 Vellem
718 491 890 538 tardius,
930 492 1043 528 valde
1082 490 1187 528 enirn
1222 490 1360 527 urbem
1394 489 1500 538 fugio

172 560 313 596 multas
335 559 387 596 ob
408 570 555 596 causas.
603 558 743 605 Itaque
761 556 799 593 id
823 556 950 605 ipsum
973 555 1113 593 dubito
1134 569 1184 592 an
1206 554 1499 593 excusationem

170 624 342 673 aliquam
372 624 423 661 ad
453 623 562 660 illum
587 635 745 671 parem,
779 623 887 670 quod
920 621 1083 671 quidem
1115 620 1231 658 video
1262 620 1373 658 facile
1403 634 1497 657 esse„

171 690 249 727 Sed
270 690 462 727 habemus
484 688 574 726 satis
595 687 783 737 temporis
803 689 853 725 ad
876 687 1141 737 cogitandum.
1194 686 1325 732 Piliae,
1345 685 1500 724 Atticae

169 756 346 792 salutem.

214 902 418 938 XXVIII
496 905 566 937 Ser.
587 905 736 936 Asturae
751 905 786 936 ix
796 905 842 936 K.
861 905 944 944 Apr.
965 915 995 936 a.
1017 915 1074 944 709
1092 904 1170 944 (45).

572 993 741 1024 CICERO
772 992 954 1023 ATTICO
985 991 1092 1023 SAL.

226 1084 288 1122 De
310 1083 404 1121 Silio
426 1083 506 1121 nilo
528 1084 638 1132 plura
665 1082 833 1132 cognovi
861 1096 907 1120 ex
935 1090 1140 1131 praesente
1171 1082 1283 1120 Sicca
1304 1095 1423 1132 quam
1453 1096 1499 1120 ex
1521 1096 1537 1122 1

170 1149 305 1187 litteris
335 1149 427 1187 eius.
491 1148 702 1198 Scripserat
723 1148 827 1186 enim
851 1148 1067 1197 diligenter.
1129 1148 1168 1186 Si
1193 1148 1307 1197 igitur
1328 1156 1368 1185 tu
1391 1148 1498 1185 illum

170 1214 412 1261 conveneris,
454 1214 599 1252 scribes
642 1215 693 1251 ad
735 1228 797 1251 me
846 1213 877 1251 si
916 1213 1011 1262 quid
1052 1213 1257 1251 videbitur.
1321 1215 1381 1250 De
1420 1227 1500 1262 quo

170 1289 283 1330 putas
304 1281 355 1318 ad
377 1294 439 1318 me
461 1280 624 1317 missum
646 1293 741 1325 esse,
761 1278 809 1317 sit
826 1278 989 1316 missum
1012 1292 1137 1316 necne
1159 1279 1292 1316 nescio
1311 1294 1319 1325 3
1350 1278 1499 1316 dictum

170 1346 331 1396 quidem
362 1345 457 1382 mibi
488 1353 591 1383 certe
622 1344 718 1382 nihil
748 1352 816 1381 est.
877 1345 939 1380 Tu
970 1343 1093 1393 igitur,
1124 1352 1165 1381 ut
1196 1343 1370 1393 coepisti,
1400 1352 1438 1381 et
1470 1343 1500 1381 si

170 1413 266 1462 quid
288 1412 339 1449 ita
360 1411 556 1457 conficies,
581 1411 689 1460 quod
711 1409 898 1458 equidem
921 1422 1001 1446 non
1021 1409 1186 1446 arbitror
1207 1409 1287 1446 fieri
1308 1422 1435 1458 posse,
1459 1417 1501 1446 ut

170 1477 223 1515 illi
253 1478 450 1526 probetur,
473 1476 719 1521 Ciceronem,
751 1474 782 1512 si
813 1474 883 1512 tibi
915 1473 1095 1523 placebit,
1125 1473 1344 1512 adhibebis.
1406 1474 1501 1511 Eius

169 1543 318 1592 aliquid
356 1543 516 1581 interest
550 1541 671 1579 videri
708 1541 809 1578 illius
848 1554 967 1578 causa
1000 1539 1180 1585 voluisse,
1218 1553 1304 1577 mea
1339 1539 1499 1589 quidem

170 1608 266 1646 nihil
289 1608 361 1646 nisi
383 1609 491 1658 quod
512 1616 553 1645 tu
575 1607 660 1654 scis,
684 1607 792 1656 quod
814 1618 887 1654 ego
910 1605 1039 1654 magni
1060 1605 1237 1642 aestimo.

225 1676 346 1723 Quod
377 1688 440 1712 me
468 1675 519 1711 ad
549 1686 678 1710 meam
708 1670 1039 1709 consuetudinem
1074 1683 1243 1716 revocas,
1272 1670 1342 1708 fuit
1368 1684 1499 1708 meum
1520 1684 1544 1711 2

169 1740 330 1790 quidem
362 1740 438 1777 iam
468 1739 620 1789 pridem
651 1751 731 1776 rem
758 1736 958 1787 publicam
990 1737 1132 1785 lugere,
1155 1737 1264 1784 quod
1294 1736 1498 1782 faciebam,

170 1808 239 1844 sed
261 1806 417 1849 mitius3
447 1814 527 1843 erat
548 1805 653 1843 enim
674 1803 741 1842 ubi
769 1803 1072 1852 acquiescerem.
1135 1803 1252 1839 Nunc
1281 1803 1398 1851 plane
1428 1815 1501 1840 nec

169 1885 242 1920 ego
272 1872 418 1910 victum
450 1885 523 1909 nec
553 1870 672 1908 vitam
703 1869 809 1906 illam
841 1869 969 1905 colere
1002 1879 1164 1916 possum
1196 1880 1269 1904 nec
1305 1866 1344 1903 in
1380 1880 1426 1904 ea
1460 1880 1500 1904 re

132 1937 266 1987 :quid
299 1937 383 1975 aliis
413 1936 589 1975 videatur
619 1934 714 1972 mihi
748 1942 845 1984 puto
877 1933 1121 1979 curandum,
1165 1945 1253 1969 mea
1285 1932 1380 1969 mihi
1412 1945 1502 1970 con-

170 2002 333 2041 scientia
362 2002 481 2051 pluris
514 2009 572 2039 est
607 2014 725 2050 quarn
758 1999 936 2037 omnium
969 2009 1107 2036 sermo.
1170 1998 1291 2045 Quod
1323 2011 1386 2036 me
1419 1997 1502 2047 ipse

170 2081 239 2117 per
266 2068 412 2105 litteras
441 2068 665 2105 consolatus
693 2078 791 2111 sum,
814 2077 895 2102 non
917 2063 1090 2113 paenitet
1112 2076 1174 2101 me
1196 2071 1387 2112 quantum
1418 2077 1502 2113 pro-

213 2183 232 2212 3
258 2173 342 2204 Sciri
364 2172 496 2203 Baiter:
521 2172 606 2202 scire
626 2170 736 2201 codd:
763 2170 850 2200 scire
875 2175 908 2200 te
929 2180 1007 2199 com.
1032 2167 1220 2208 U'csenberg
1351 2169 1370 2198 8
1398 2167 1501 2198 Piliae

171 2222 205 2247 et
221 2217 355 2248 Atticae
373 2216 472 2246 Rom.
492 2215 511 2245 I
616 2225 653 2253 13
678 2215 752 2244 eius
770 2213 888 2245 Lamb.
906 2225 911 2243 :
938 2213 1004 2242 tuis
1027 2211 1066 2240 ll!
1163 2223 1206 2242 20
1231 2212 1345 2250 magni
1359 2212 1409 2241 F:
1435 2222 1501 2242 om.

171 2260 213 2290 M
374 2270 411 2290 21
439 2271 491 2290 me
514 2260 554 2289 ad
577 2270 604 2289 v.
626 2269 648 2289 C.
666 2257 694 2287 L
716 2258 855 2298 (marg.)
875 2256 990 2286 codic-es
1007 2255 1110 2285 Bosl':
1135 2265 1189 2285 me
1205 2256 1247 2285 ad
1260 2261 1320 2295 pro
1338 2266 1444 2285 meam
1464 2254 1506 2284 M

171 2305 312 2344 (marg.)
437 2315 477 2334 22
502 2303 619 2341 lugere
639 2301 666 2331 C
679 2313 707 2333 v.
727 2312 750 2333 e.
768 2296 822 2330 ΖΠ)
839 2313 846 2331 :
879 2301 994 2337 legere
1014 2299 1064 2328 Ml
1081 2310 1087 2329 t
1123 2309 1241 2338 regere
1260 2298 1348 2329 MPS
1461 2308 1503 2337 23

173 2348 285 2378 mitius
305 2347 445 2378 Bosius:
471 2347 563 2377 intus
578 2339 678 2375 Mle
768 2345 848 2385 nec]
868 2355 935 2374 non
954 2354 982 2374 v.
1002 2353 1024 2373 c.
1043 2341 1233 2382 [Vesenberg
