1742 2651
101 123 171 160 XI.
196 133 257 159 xv
594 124 649 160 M.
682 123 850 159 TVLLI
882 121 1189 160 CICERONIS

224 234 380 273 cruciat.
443 237 603 273 Prorsus
631 235 727 272 nihil
748 235 860 272 abest
881 234 975 283 quin
1001 234 1074 271 sim
1098 234 1345 273 miserrimus.
1405 236 1483 273 Sed
1503 235 1553 273 ad

225 299 395 350 primum
430 308 600 338 revertor
631 299 727 349 quid
762 307 875 349 putes
910 298 1147 345 faciendum,
1180 300 1388 337 occultene
1421 299 1555 348 aliquo

226 364 386 413 propius
434 364 673 402 veniendum
721 378 771 401 an
821 377 926 402 mare
973 365 1269 402 transeundum.
1339 364 1443 401 Nam
1492 363 1555 401 hic

228 429 375 467 maneri
405 429 552 467 diutius
582 442 661 467 non
692 436 832 478 potest.

182 505 208 542 4
281 496 345 533 De
366 494 581 532 Fufidianis
609 507 686 543 qua
716 507 755 532 re
785 493 881 531 nihil
911 493 1038 543 potuit
1069 493 1240 532 confici?
1287 495 1423 532 Genus
1450 492 1555 531 enim
1578 504 1595 535 5

227 559 473 597 condicionis
503 559 586 597 eius
618 558 726 597 modi
759 558 829 596 fuit
860 558 898 596 in
930 572 1010 608 quo
1041 572 1121 596 non
1157 560 1255 596 solet
1287 572 1371 596 esse
1403 565 1558 595 contro-

226 624 358 669 versia,
397 637 487 661 cum
523 637 568 662 ea
606 637 694 673 pars
733 637 834 673 quae
865 623 1020 662 videtur
1058 637 1143 662 esse
1182 623 1309 662 minor
1342 623 1557 661 licitatione

225 688 369 738 expleri
391 696 533 738 posset.
595 690 687 726 Hoc
709 701 781 738 ego
807 701 887 725 non
912 688 995 726 sine
1023 701 1141 725 causa
1161 701 1317 737 quaero.
1373 687 1558 737 Suspicor

226 753 330 790 enim
359 754 574 791 coheredes
601 753 763 791 dubiam
790 760 963 790 nostram
991 766 1149 790 causam
1178 760 1314 802 putare
1341 760 1379 791 et
1400 766 1447 791 eo
1475 765 1556 790 rem

226 817 265 855 in
287 817 437 868 integro
458 831 542 856 esse
564 819 689 855 malle.
745 819 781 853 V
784 819 854 855 ale.
916 819 974 855 Pr.
1000 818 1097 855 Idus
1120 817 1257 856 Maias.
1580 829 1619 851 10

269 971 379 1005 XVI
525 973 594 1004 Ser.
615 972 781 1004 Brundisi
794 974 831 1003 1‘1'1'
844 973 929 1005 Non.
950 972 1025 1003 Ilm.
1047 984 1075 1004 a.
1099 982 1158 1013 707
1175 973 1259 1014 (47).

646 1061 821 1093 CICERO
848 1061 1018 1092 ATTICO
1045 1061 1145 1093 SAL.

193 1161 209 1187 1
284 1147 377 1183 Non
408 1159 498 1184 meo
527 1145 622 1182 vitio
654 1146 695 1182 fit
726 1146 802 1182 hoc
832 1144 994 1194 quidem
1025 1152 1202 1194 tempore
1227 1145 1335 1194 (ante
1364 1144 1469 1183 enim
1500 1152 1557 1183 est

228 1212 452 1260 peccatum)
485 1218 526 1248 ut
559 1224 621 1248 me
656 1210 728 1248 ista
762 1209 928 1259 epistula
962 1209 1058 1247 nihil
1090 1211 1323 1247 consoletur.
1383 1211 1486 1248 Nam
1519 1218 1557 1248 et

225 1277 363 1326 exigue
388 1276 530 1326 scripta
550 1283 607 1313 est
629 1283 666 1313 et
687 1275 932 1324 suspiciones
961 1288 1121 1324 magnas
1148 1275 1266 1313 habet
1287 1288 1367 1313 non
1395 1288 1479 1313 esse
1505 1276 1556 1313 ab
1580 1290 1617 1322 15

225 1341 317 1385 illo;
355 1355 452 1390 quas
481 1340 805 1378 animadvertisse
836 1348 873 1377 te
903 1339 1093 1378 existimo.
1156 1341 1217 1378 De
1248 1339 1404 1377 obviam
1435 1339 1557 1378 itione

225 1406 277 1444 ita
309 1406 448 1444 faciam
484 1414 526 1443 ut
558 1407 710 1443 suades.
777 1406 918 1453 Neque
948 1404 1052 1442 enim
1085 1405 1162 1442 ulla
1192 1405 1242 1442 de
1271 1405 1443 1442 adventu
1473 1404 1556 1442 eius

224 1471 359 1521 opinio
384 1479 441 1509 est
463 1484 592 1520 neque
618 1470 648 1508 si
669 1470 735 1520 qui
758 1484 804 1508 ex
825 1469 919 1507 Asia
945 1469 1107 1507 veniunt
1136 1469 1349 1519 quicquam
1376 1469 1556 1507 auditum

224 1550 309 1574 esse
330 1536 467 1574 dicunt
488 1537 538 1574 de
559 1549 656 1584 pace
674 1550 680 1579 ;
710 1534 822 1572 cuius
847 1548 919 1584 ego
945 1547 1013 1583 spe
1035 1534 1075 1571 in
1097 1535 1199 1572 hanc
1223 1535 1401 1572 fraudem
1423 1533 1554 1572 incidi.

226 1601 333 1638 Nihil
355 1601 471 1639 video
499 1601 607 1650 quod
635 1600 873 1649 sperandum
903 1607 1051 1648 putem,
1078 1613 1184 1637 nunc
1212 1598 1438 1648 praesertim
1465 1611 1557 1636 cum
1581 1615 1620 1636 20

225 1679 271 1703 ea
290 1667 403 1716 plaga
424 1665 462 1702 in
480 1664 574 1702 Asia
595 1664 643 1702 sit
663 1672 836 1713 accepta,
860 1664 898 1701 in
923 1664 1092 1713 Illyrico,
1113 1663 1151 1701 in
1174 1663 1365 1702 Cassiano
1386 1662 1554 1712 negotio,

226 1731 264 1767 in
295 1730 379 1780 ipsa
403 1731 659 1776 Alexandrea,
690 1729 729 1766 in
761 1730 867 1775 urbe,
894 1730 934 1767 in
961 1729 1083 1767 Italia.
1146 1731 1231 1778 Ego
1258 1741 1349 1766 vero
1378 1727 1495 1766 etiam
1526 1727 1557 1765 si

227 1796 420 1834 rediturus
453 1796 516 1834 ille
546 1803 604 1834 est
634 1795 700 1845 qui
736 1796 867 1833 adhuc
902 1795 1050 1833 bellum
1082 1808 1214 1844 gerere
1244 1793 1396 1840 dicitur,
1425 1801 1557 1831 tamen

227 1870 317 1900 ante
339 1861 507 1899 reditum
528 1860 611 1899 eius
633 1860 834 1910 negotium
857 1861 1082 1898 confectum
1104 1859 1147 1896 iri
1169 1866 1275 1908 puto.

185 1944 209 1970 2
283 1928 404 1976 Quod
437 1934 570 1964 autem
609 1925 745 1964 scribis
785 1926 986 1975 quandam
1021 1924 1207 1963 laetitiam
1241 1924 1437 1962 bonorum
1472 1936 1557 1961 esse
1580 1938 1618 1970 25

228 2000 469 2031 commotam
495 1999 536 2030 ut
558 1991 605 2029 sit
629 1991 809 2029 auditum
837 1991 886 2029 de
914 1989 1060 2036 litteris,
1084 1997 1125 2027 tu
1147 1989 1308 2039 quidem
1335 1988 1431 2026 nihil
1452 2001 1558 2038 prae-

229 2057 407 2096 termittis
443 2057 482 2094 in
521 2071 601 2107 quo
640 2064 754 2106 putes
792 2055 942 2105 aliquid
980 2055 1099 2093 solaci
1139 2068 1234 2101 esse,
1268 2055 1337 2092 sed
1371 2067 1443 2103 ego
1478 2066 1558 2091 non

228 2123 405 2161 adducor
426 2135 667 2172 quemquam
689 2121 839 2159 bonum
861 2121 979 2158 ullam
1002 2121 1167 2158 salutem
1189 2126 1324 2168 putare
1346 2117 1441 2155 mihi
1462 2117 1559 2155 tanti

273 2236 292 2265 5
318 2227 370 2256 De
387 2225 463 2257 add.
477 2230 547 2256 vell.
661 2226 681 2255 8
707 2226 782 2255 Hoc
801 2228 842 2256 Es
858 2224 932 2255 Ber.
950 2235 956 2253 :
981 2225 1065 2254 haec
1084 2223 1124 2252 M
1242 2233 1281 2252 10
1305 2222 1403 2252 malle
1423 2221 1454 2252 O
1472 2220 1559 2252 Crat.

232 2270 258 2299 L
277 2271 416 2310 (nungal
432 2281 438 2299 z
465 2281 528 2300 om.
549 2268 693 2299 MsRP:
716 2269 804 2299 velle
823 2267 989 2299 Corradus
1007 2267 1148 2307 [Madvig
1211 2265 1294 2296 Vale
1305 2276 1369 2295 ont.
1386 2265 1416 2295 O
1522 2273 1560 2302 13

229 2314 266 2344 fit
283 2318 368 2345 vem:
393 2314 455 2344 suit
472 2312 513 2342 M
612 2324 649 2351 15
674 2313 828 2351 ambigue
846 2311 1004 2350 Plujgers
1095 2321 1130 2349 17
1157 2310 1222 2339 ulla
1241 2310 1282 2339 de
1300 2308 1434 2339 Lamb.:
1462 2307 1560 2338 valde

230 2356 285 2387 M:
311 2358 406 2388 valde
425 2358 465 2387 de
486 2356 577 2388 Visa:
600 2357 711 2386 valida
728 2357 770 2386 de
787 2355 865 2385 coni.
880 2354 995 2385 Baiter
1102 2364 1144 2383 22
1170 2354 1201 2383 in
1219 2352 1294 2383 add.
1314 2356 1383 2383 vett.
