1742 2651
583 168 694 204 EPP.
729 168 805 203 AD
837 168 1095 205 ATTICVM
1437 171 1484 205 X.
1508 180 1538 205 V

176 275 393 323 liberaliter,
429 277 525 315 nibil
559 292 705 316 accuso
744 278 946 317 hominem
987 279 1200 328 scripsique
1232 281 1282 317 ad
1317 293 1407 317 eum
1443 294 1506 318 nie

174 355 196 378 a
231 350 267 379 te
299 342 502 380 certiorem
539 358 624 381 esse
663 345 820 381 sactum.
880 346 941 381 Tu
977 345 1027 381 de
1062 352 1129 381 tuo
1168 344 1305 382 itinere
1337 344 1432 393 quid
1468 352 1506 382 et

174 408 335 454 quando
370 407 517 457 cogites
549 408 666 446 velim
702 422 764 447 me
797 408 1002 447 certiorem
1034 408 1162 446 facias.
1223 411 1271 446 A,
1301 410 1339 447 d.
1366 421 1421 446 xv
1453 412 1503 448 K„

177 471 314 509 Maias.

136 641 153 673 5
216 633 284 669 VI
429 637 499 670 Ser.
519 639 552 669 z'n
571 639 725 670 Cumano
743 637 849 669 medio
866 649 909 670 m.
929 638 1013 679 Apr.
1034 649 1063 670 α.
1087 648 1141 677 705
1161 636 1249 679 (49).

590 721 761 752 CICERO
784 721 963 751 ATTICO
987 719 1095 750 SAL.

230 800 299 838 Me
332 801 465 838 adhuc
498 800 595 838 nihil
630 808 781 850 praeter
812 807 1085 848 tempestatem
1122 805 1303 836 moratur.
1363 798 1504 834 Astute
1526 807 1543 834 1

175 863 272 901 nibil
312 878 399 902 sum
437 873 605 912 acturus,
638 866 703 902 fiat
738 864 777 901 in
815 863 1011 913 Hispania
1045 863 1261 912 quidlibet:
1306 869 1343 899 et
1373 869 1505 898 tamen

177 929 336 969 †recitet
357 933 430 969 et†.
483 932 595 967 Meas
612 929 870 979 cogitationes
892 928 1020 966 omnis
1042 927 1231 977 explicavi
1248 926 1318 964 tibi
1337 925 1507 975 superio-

118 1009 156 1031 10
176 994 282 1032 ribus
313 994 458 1032 litteris.
520 995 716 1043 Quocirca
746 996 819 1032 hae
849 1002 940 1032 sunt
971 994 1118 1039 breves,
1143 999 1204 1032 †et
1234 995 1389 1031 tamen†
1415 990 1507 1040 quia

175 1059 410 1097 festinabam
433 1073 620 1109 eramque
641 1060 878 1109 occupatior.

231 1126 292 1162 De
307 1124 459 1172 Quinto
480 1125 559 1163 filio
581 1126 623 1162 fit
642 1138 665 1162 a
686 1138 748 1162 me
762 1125 922 1174 quidem
945 1125 1082 1162 sedulo
1098 1138 1107 1170 3
1131 1124 1200 1162 sed
1221 1122 1323 1161 nosti
1345 1121 1502 1171 reliqua.
1525 1132 1549 1159 2

177 1190 298 1238 Quod
318 1189 409 1228 dein
432 1203 495 1228 me
516 1203 665 1236 mones,
684 1197 721 1227 et
742 1189 868 1228 amice
889 1197 926 1227 et
948 1190 1160 1238 prudenter
1180 1202 1243 1226 me
1264 1200 1412 1233 mones,
1436 1187 1506 1224 sed

175 1262 288 1293 erunt
315 1255 448 1292 onmia
478 1254 605 1292 facilia
634 1254 665 1292 si
695 1255 744 1292 ab
776 1267 855 1292 uno
884 1253 950 1291 illo
981 1267 1129 1291 cavero.
1191 1254 1383 1302 Magnum
1409 1264 1508 1301 opus

119 1333 155 1363 15
175 1327 247 1365 est,
267 1319 459 1357 mirabilia
484 1321 615 1365 multa,
640 1319 735 1356 nihil
766 1319 940 1368 simplex,
965 1318 1061 1355 nihil
1088 1318 1294 1356 sincerum.
1353 1318 1507 1354 Vellem

176 1384 413 1434 suscepisses
448 1385 630 1423 iuvenem
666 1385 907 1434 regendum:
952 1392 1061 1432 pater
1094 1382 1200 1421 enim
1234 1381 1350 1419 nimis
1384 1381 1510 1419 indul-

175 1464 280 1500 gens,
309 1449 497 1500 quicquid
528 1463 600 1499 ego
629 1449 815 1487 adstrinxi
846 1451 999 1487 relaxat.
1040 1440 1098 1487 'Si
1129 1448 1212 1486 sine
1241 1447 1308 1484 illo
1337 1460 1506 1496 possem,

176 1529 372 1565 regerenr:
404 1516 513 1565 quod
538 1523 579 1552 tu
603 1522 726 1565 potes.
786 1516 863 1552 Sed
889 1514 1077 1564 ignosco3
1112 1526 1309 1562 magnum,
1333 1512 1506 1561 inquam,

176 1594 276 1630 opus
296 1589 364 1619 est.

119 1663 157 1684 20
233 1645 467 1695 Pompeium
489 1659 559 1695 pro
586 1653 692 1683 certo
722 1645 915 1683 habemus
943 1658 1009 1693 per
1032 1643 1229 1693 Illyricum
1251 1642 1444 1692 proficisci
1468 1642 1504 1679 in
1526 1653 1550 1689 3

178 1710 358 1748 Galliam.
419 1712 503 1760 Ego
524 1723 630 1748 nunc
651 1724 728 1759 qua
749 1718 786 1748 ct
808 1723 887 1759 quo
908 1709 1063 1747 videbo.

219 1855 311 1890 VII
445 1858 514 1889 Ser.
536 1859 567 1888 z'n
588 1858 740 1888 Cmmmo
757 1859 823 1889 circ.
844 1859 878 1888 121·
894 1858 936 1888 K.
959 1857 1040 1888 Illas.
1063 1868 1094 1889 a.
1115 1867 1169 1897 705
1186 1857 1275 1897 (49).

592 1940 759 1971 CICERO
783 1939 964 1971 ATTICO
988 1938 1096 1970 SAL.

233 2015 317 2064 Ego
338 2027 430 2052 vero
451 2013 636 2063 Apuliam
657 2020 695 2050 et
716 2012 925 2062 Sipontum
953 2008 990 2050 et
1015 2010 1373 2060 tergiversationem
1394 2010 1507 2048 istam
1528 2019 1544 2045 1

118 2091 156 2123 25
178 2079 302 2128 probo
333 2092 405 2117 nec
436 2086 543 2116 tuam
573 2078 763 2115 rationem
793 2078 961 2115 eandem
992 2089 1076 2113 esse
1097 2077 1201 2113 duco
1222 2089 1340 2125 quam
1367 2089 1505 2121 meam,

178 2157 257 2180 non
288 2143 383 2192 quin
415 2143 453 2180 in
484 2156 522 2180 re
552 2142 710 2191 publica
739 2150 887 2180 rectum
920 2141 1025 2179 idem
1056 2140 1104 2178 sit
1134 2140 1287 2190 utrique
1317 2148 1506 2186 nostrum,

221 2257 242 2285 9
267 2248 385 2277 recitet
406 2251 440 2276 et
464 2239 567 2275 MZl*:
606 2246 762 2275 reticeret
785 2239 845 2275 ZI:
882 2246 986 2274 retice
1010 2245 1107 2274 Vim:
1142 2245 1191 2274 ire
1215 2249 1343 2274 certum
1371 2249 1422 2273 cst
1447 2244 1513 2282 <vel

177 2291 282 2320 simile
304 2290 397 2329 quid)
421 2289 626 2328 Woeenherg:
663 2289 710 2318 ire
738 2289 853 2319 licebit
877 2287 1048 2319 Sslmn'dt:
1087 2298 1139 2317 res
1167 2293 1251 2324 stat:
1287 2286 1372 2317 ἰτέον
1395 2287 1513 2326 Tyrrell

182 2344 220 2363 10
245 2338 278 2363 et
304 2339 416 2364 tamen
433 2334 512 2372 sort.
537 2331 709 2362 delendmn
736 2336 771 2362 ut
793 2343 831 2362 ex
850 2333 1004 2372 proximo
1028 2335 1163 2362 ortum:
1195 2332 1296 2361 etiam
1318 2330 1509 2369 Malaspina

182 2388 218 2406 12
244 2377 312 2406 filio
332 2376 498 2406 Corradus
513 2388 519 2406 :
544 2376 647 2405 fratre
666 2374 706 2404 M
783 2376 818 2405 fit
836 2387 854 2405 a
872 2376 1013 2405 Rosius:
1040 2375 1084 2405 ita
1101 2374 1141 2404 M
1153 2385 1159 2404 :
1173 2375 1254 2412 fort.
1277 2374 1378 2404 Cicero
1394 2373 1508 2403 lauda-

177 2420 233 2449 bat
254 2419 560 2459 TerentiAdelplzos
582 2419 626 2449 iii.
647 2428 675 2456 3.
696 2420 749 2457 60,
768 2421 807 2448 61
836 2419 1016 2458 (413—414)
1153 2418 1282 2450 sedulo,
1311 2419 1370 2447 sed
1381 2436 1407 2438 v
1420 2417 1507 2446 nosti

177 2463 267 2503 vzdg.
409 2473 445 2501 13
471 2473 523 2492 me
541 2472 657 2492 mones
677 2461 722 2492 C:
748 2472 916 2492 memores
934 2462 986 2490 M¹
