1742 2651
121 123 167 159 X.
191 121 266 157 xiii
539 121 594 158 M.
626 121 794 158 TVLLI
827 120 1132 159 CICERONIS

183 497 198 521 1

182 1270 206 1296 2

260 311 377 346 XIII
512 315 581 345 Str.
602 315 635 344 1'11
657 315 811 344 Cumano
829 314 914 344 Nun.
936 314 1016 345 Mai.
1039 326 1070 346 a.
1092 325 1144 353 705
1162 315 1249 354 (41)st

631 408 803 438 CICERO
825 407 1006 438 ATTICO
1030 406 1137 438 SAL.

270 485 447 534 Epistula
460 492 527 522 tua
539 484 756 534 gratissima
769 484 840 522 fuit
855 498 965 523 meae
973 484 1125 522 Tulliae
1139 492 1177 522 et
1191 497 1254 522 me
1267 485 1424 522 hercule
1439 483 1545 521 mihi.

218 551 380 599 Semper
411 551 612 599 speculam
642 549 813 599 aliquam
843 551 1024 588 adferunt
1055 558 1144 587 tuae
1175 549 1333 587 litterae.
1394 549 1547 586 Scribes

218 614 331 664 igitur
350 628 396 652 ac
417 614 447 651 si
469 613 565 664 quid
584 615 635 652 ad
660 628 770 663 spem
798 614 942 664 poteris
970 628 1019 652 ne
1047 614 1249 652 dimiseris.
1310 615 1375 651 Tu
1398 613 1548 651 Antoni
1568 627 1584 657 5

218 680 352 717 leones
376 678 628 728 pertimescas
655 692 759 717 cave.
821 679 929 717 Nihil
957 687 1014 717 est
1042 679 1108 717 illo
1136 678 1297 716 homine
1325 677 1546 716 iucundius.

219 744 393 781 Attende
426 745 558 793 πρᾶξιν
595 747 796 782 πολιτικοῦ.
872 743 1061 781 Evocavit
1100 743 1234 781 litteris
1269 757 1290 781 e
1326 741 1549 792 municipiis

220 809 359 846 decem
383 808 528 858 primos
556 817 594 847 et
616 809 795 847 1111viros.
856 810 1060 847 Venerunt
1080 809 1131 846 ad
1152 808 1283 845 villam
1311 807 1394 845 eius
1421 821 1547 845 mane.

222 872 395 910 Primum
430 873 588 911 dormiit
621 875 672 911 ad
708 875 743 911 h.
782 886 839 919 111,
874 873 1030 920 deinde,
1066 887 1156 911 cum
1190 880 1293 911 esset
1327 872 1549 910 nuntiatum

220 937 372 976 venisse
412 938 697 988 Neapolitanos
736 947 773 976 et
813 940 1016 978 Cumanos
1056 938 1133 988 (his
1165 938 1270 976 enim
1310 945 1367 976 est
1407 938 1551 976 Caesar
1573 953 1610 976 10

220 1001 367 1052 iratus),
391 1003 578 1052 postridie
599 1003 723 1041 redire
750 1003 885 1051 iussit3
913 1003 1031 1040 lavari
1056 1017 1096 1041 se
1124 1004 1223 1041 velle
1250 1010 1288 1040 et
1311 1002 1393 1052 περὶ
1420 1006 1552 1040 κοιλιο-

220 1069 545 1119 λυσίανγίνεσθαι.
590 1070 681 1106 Hoc
699 1069 791 1106 here
805 1067 942 1106 effecit.
987 1067 1123 1107 Hodie
1138 1075 1270 1105 autem
1288 1066 1326 1104 in
1341 1066 1550 1105 Aenariam

222 1132 382 1171 transire
417 1133 619 1171 constituit
654 1139 698 1170 ut
729 1133 927 1171 exsulibus
957 1132 1126 1171 reditum
1157 1132 1413 1182 polliceretur.
1473 1132 1551 1170 Sed

223 1199 321 1236 hacc
342 1198 581 1245 omittamus,
605 1200 655 1237 de
676 1198 791 1237 nobis
811 1198 960 1248 aliquid
980 1211 1152 1247 agamus.

278 1264 342 1301 Ab
365 1263 465 1301 Axio
485 1262 619 1313 accepi
640 1262 796 1301 litteras.
859 1265 919 1301 De
940 1262 1087 1301 Tirone
1107 1270 1269 1312 gratum.
1322 1260 1552 1299 Vettienum
1579 1273 1612 1304 15

224 1327 355 1377 diligo.
415 1327 597 1366 Vestorio
624 1327 789 1366 reddidi.
849 1327 1003 1365 Servius
1033 1341 1087 1377 pr.
1116 1328 1253 1364 Nonas
1284 1325 1411 1363 Maias
1442 1326 1554 1363 Men-

223 1393 345 1431 turnis
373 1392 563 1431 mansisse
590 1392 742 1439 dicitur,
771 1392 890 1430 hodie
918 1392 957 1430 in
985 1391 1189 1429 Liternino
1216 1404 1421 1428 mansurus
1447 1391 1553 1440 apud

225 1459 269 1497 C.
306 1459 549 1495 Marcellum.
623 1458 718 1496 Cras
753 1456 868 1506 igitur
906 1470 977 1494 nos
1017 1464 1167 1494 mature
1201 1455 1349 1494 videbit
1379 1454 1554 1503 mihique

225 1522 335 1560 dabit
355 1529 627 1571 argumentum
649 1522 700 1559 ad
725 1528 763 1559 te
788 1521 988 1570 epistulae.
1050 1523 1134 1558 Iam
1163 1520 1268 1558 enim
1296 1533 1376 1558 non
1405 1518 1554 1568 reperio

225 1589 334 1637 quod
363 1586 434 1624 tibi
468 1587 647 1625 scribam.
708 1587 811 1624 Illud
840 1585 1011 1624 admiror
1040 1586 1149 1635 quod
1177 1584 1373 1622 Antonius
1407 1585 1457 1622 ad
1492 1597 1555 1621 me
1577 1595 1616 1616 20

226 1666 276 1690 ne
306 1651 489 1689 nuntium
517 1651 690 1701 quidem,
717 1665 806 1689 cum
837 1650 1063 1700 praesertim
1095 1663 1157 1688 me
1188 1650 1301 1687 valde
1330 1647 1552 1686 observarit.

226 1716 422 1755 Videlicet
456 1716 604 1766 aliquid
638 1715 807 1754 atrocius
840 1717 890 1754 de
922 1729 985 1753 me
1017 1715 1251 1764 imperatum
1283 1721 1351 1752 est.
1411 1714 1555 1752 Coram

226 1795 367 1831 negare
397 1781 493 1818 mihi
525 1794 605 1818 non
635 1782 726 1827 vult,
759 1781 867 1829 quod
898 1793 970 1829 ego
1000 1793 1073 1817 nec
1103 1786 1305 1828 rogaturus
1335 1791 1439 1816 eram
1469 1790 1554 1823 nec,

228 1846 258 1884 si
294 1846 574 1896 impetrassem,
612 1845 839 1884 crediturus.
900 1846 985 1882 Nos
1019 1852 1151 1882 tamen
1185 1843 1333 1893 aliquid
1367 1841 1557 1891 excogita-

187 1910 369 1953 3bimus.
441 1913 516 1957 Tu,
552 1924 710 1960 quaeso,
752 1910 783 1947 si
822 1909 918 1959 quid
957 1909 996 1946 in
1036 1908 1252 1958 Hispaniis.
1327 1909 1411 1945 Iam
1451 1906 1555 1944 enim
1578 1917 1616 1948 25

230 1975 371 2025 poterit
403 1975 529 2013 audiri
560 1983 598 2013 et
632 1987 770 2012 omnes
801 1974 853 2011 ita
888 1980 1115 2023 exspectant
1145 1981 1197 2020 ut,
1230 1972 1261 2010 si
1293 1979 1396 2010 recte
1430 1971 1554 2016 fuerit,

229 2040 325 2077 nihil
359 2040 491 2090 negoti
526 2041 698 2077 futurum
730 2045 878 2089 putent.
941 2040 1026 2088 Ego
1059 2046 1191 2076 autem
1221 2050 1294 2075 nec
1323 2036 1481 2075 retentis
1512 2035 1556 2073 iis

228 2106 450 2143 confectam
472 2118 553 2143 rem
578 2112 674 2154 puto
702 2117 830 2153 neque
857 2103 1009 2141 amissis
1037 2104 1294 2152 desperatam.
1355 2100 1491 2138 Silium
1519 2107 1557 2137 et

272 2221 289 2248 4
315 2210 484 2249 speculam
503 2210 582 2240 τουτ’.
600 2209 705 2239 Boot:
732 2218 845 2239 secum
864 2207 905 2236 M
1007 2207 1132 2246 aliquid
1149 2206 1169 2235 I
1182 2205 1280 2235 Rom.
1297 2217 1303 2236 :
1329 2205 1441 2243 aliqua
1461 2203 1562 2233 Orelli

233 2264 270 2292 13
295 2259 330 2283 ut
347 2253 422 2283 add.
445 2252 560 2282 Lamb.
676 2251 897 2291 polliceretur
921 2249 1047 2280 M¹W2
1082 2250 1261 2289 pollicetur
1282 2248 1371 2287 vulg.
1430 2246 1557 2277 Locum

229 2299 274 2327 ila
291 2297 375 2327 dant
389 2296 460 2326 edd.
474 2296 617 2335 plerique
635 2295 820 2326 constituit.
879 2294 1062 2324 Exsulibus
1084 2294 1225 2323 reditum
1247 2292 1427 2332 pollicetur
1520 2300 1557 2327 15

228 2342 269 2371 ab
288 2341 378 2370 Axio
396 2340 482 2379 vulg.
502 2352 508 2369 z
533 2351 551 2369 a
570 2339 678 2368 Daxio
695 2338 755 2369 M:
778 2349 796 2369 a
814 2338 855 2376 Q.
874 2337 962 2366 Axio
981 2337 1136 2367 E1'icl1eler
