1742 2651
499 512 669 549 LIBER
711 513 958 560 QVINTVS
1005 512 1256 550 DECIMVS

637 622 737 668 AD
791 621 1126 669 ATTICVM

260 738 285 774 0-1

485 744 552 774 Scr.
573 744 606 773 1‘11
624 743 804 773 Puteolano
819 744 877 773 ,τίν’
891 743 932 773 K.
953 743 1030 773 Iun.
1053 754 1081 774 a.
1105 753 1162 782 710
1181 743 1265 781 (44).

626 832 800 862 CICERO
831 832 1000 862 ATTICO
1034 831 1131 863 SAL.

180 931 197 958 1
272 921 308 959 O
336 921 481 958 factum
511 923 611 959 male
638 923 688 959 de
710 921 926 959 Alexione!
968 920 1204 959 Incredibile
1231 928 1289 958 est
1310 928 1455 970 quanta
1480 934 1544 958 me

216 985 394 1022 molestia
414 985 612 1032 adfecerit,
628 999 701 1023 nec
722 999 785 1023 me
805 986 962 1023 hercule
984 998 1029 1023 ex
1050 999 1095 1023 ea
1117 992 1224 1034 parte
1245 984 1412 1022 maxime
1434 986 1542 1034 quod

215 1050 389 1099 plerique
422 1064 588 1097 mecum,
619 1051 704 1088 ‘Ad
732 1064 851 1100 quem
879 1050 993 1100 igitur
1020 1058 1058 1088 te
1086 1050 1286 1088 medicum
1313 1051 1540 1088 conferes?'
1560 1065 1578 1097 5

215 1115 323 1164 Quid
346 1115 439 1152 mihi
466 1115 542 1152 iam
568 1115 753 1153 medico?
801 1118 880 1153 Aut
902 1115 933 1152 si
954 1129 1053 1165 opus
1081 1123 1150 1161 est,
1174 1122 1282 1153 tanta
1302 1115 1435 1164 inopia
1455 1117 1542 1152 est?

215 1182 405 1218 Amorem
440 1194 529 1230 erga
568 1194 640 1227 me,
676 1181 960 1218 humanitatem
1001 1180 1313 1229 suavitatemque
1347 1180 1538 1218 desidero.

216 1246 344 1283 Etiam
368 1246 475 1285 illud.
535 1246 643 1295 Quid
668 1254 725 1284 est
747 1247 855 1296 quod
880 1260 959 1284 non
983 1246 1340 1296 pertimescendum
1369 1245 1427 1291 sit,
1451 1259 1541 1282 cum

215 1311 416 1348 hominem
448 1319 744 1360 temperantem,
776 1324 974 1348 summum
1007 1310 1204 1348 medicum
1236 1318 1366 1347 tantus
1402 1309 1541 1358 impro-

213 1376 296 1414 viso
335 1376 494 1413 morbus
530 1376 792 1426 oppresserit?
839 1377 916 1414 Sed
955 1377 1005 1413 ad
1044 1377 1140 1413 haec
1175 1375 1307 1413 omnia
1340 1388 1417 1412 una
1451 1388 1541 1411 con-
1563 1392 1603 1415 10

214 1441 353 1479 solatio
384 1449 441 1479 est
474 1442 582 1491 quod
613 1455 659 1479 ea
690 1441 927 1479 condicione
959 1440 1038 1478 nati
1069 1454 1204 1478 sumus
1234 1448 1276 1478 ut
1306 1439 1401 1477 nihil
1432 1441 1540 1489 quod

215 1506 364 1543 homini
386 1506 564 1544 accidere
585 1505 707 1556 possit
728 1519 905 1544 recusare
926 1506 1152 1544 debeamus.

173 1582 196 1608 2
272 1573 332 1609 De
357 1571 534 1608 Antonio
563 1570 639 1608 iam
671 1578 787 1608 antea
816 1570 886 1608 tibi
916 1571 1051 1620 scripsi
1082 1584 1162 1608 non
1193 1584 1277 1609 esse
1306 1584 1397 1608 eum
1425 1584 1449 1608 a
1479 1584 1542 1608 me

215 1644 465 1674 conventum.
522 1636 641 1674 Venit
662 1636 766 1674 enirn
791 1636 991 1674 Misenum
1013 1650 1101 1674 cum
1126 1649 1198 1686 ego
1219 1650 1344 1675 essem
1366 1636 1405 1673 in
1427 1638 1540 1673 Pom-

214 1700 366 1750 peiano.
432 1702 533 1738 Inde
563 1708 654 1738 ante
688 1702 884 1750 profectus
919 1708 976 1739 est
1009 1715 1127 1750 quam
1163 1715 1234 1750 ego
1266 1715 1357 1739 eum
1388 1700 1541 1738 venisse
1563 1717 1597 1748 ¹5

213 1766 390 1815 cognovi.
451 1767 528 1804 Sed
556 1779 659 1812 casu,
683 1779 773 1803 cum
801 1767 968 1815 legerem
997 1774 1082 1804 tuas
1107 1766 1261 1813 litteras,
1287 1765 1440 1803 Hirtius
1461 1773 1540 1803 erat

212 1832 317 1880 apud
353 1844 416 1868 me
447 1831 485 1868 in
519 1832 747 1868 Puteolano.
814 1830 860 1868 Ei
899 1831 973 1881 legi
1012 1839 1049 1869 et
1087 1831 1158 1881 egi.
1219 1830 1392 1868 Primum
1432 1832 1539 1880 quod

213 1896 393 1941 †attinet,
426 1895 521 1932 nihil
553 1895 647 1932 mihi
678 1896 935 1942 concedebat,
962 1895 1107 1934 deinde
1136 1896 1186 1933 ad
1217 1908 1412 1932 summam
1442 1894 1539 1932 arbi-

212 1968 313 1998 trum
330 1974 391 1998 me
417 1960 612 1998 statuebat
627 1974 707 1997 non
730 1961 851 1998 modo
868 1960 983 1998 huius
1006 1960 1058 1998 rei
1080 1961 1149 1998 sed
1172 1959 1291 1997 totius
1312 1961 1538 1997 consulatus

211 2025 281 2063 sui.
340 2026 441 2063 Cum
467 2024 644 2062 Antonio
677 2032 809 2063 autem
845 2024 899 2062 sic
929 2038 1089 2074 agemus
1119 2032 1161 2062 ut
1191 2024 1411 2074 perspiciat,
1437 2024 1467 2061 si
1498 2023 1537 2061 in
1559 2042 1599 2064 20

210 2104 258 2128 eo
293 2090 450 2139 negotio
486 2089 598 2127 nobis
638 2090 729 2127 satis
764 2089 911 2131 fecerit,
937 2097 1063 2128 totum
1104 2103 1165 2128 me
1205 2090 1375 2127 futurum
1409 2102 1534 2127 suum.

213 2155 460 2193 Dolabellam
491 2168 604 2203 spero
635 2154 743 2192 domi
774 2168 871 2192 esse.

253 2260 274 2288 6
294 2262 368 2299 post
391 2259 521 2288 medico
547 2258 620 2289 add.
648 2269 733 2297 opus
759 2263 809 2289 est
837 2258 922 2293 Otto.
957 2258 1014 2289 sed
1036 2258 1074 2300 cf.
1107 2258 1191 2288 Vm.
1219 2269 1248 2289 v.
1278 2268 1330 2297 45,
1360 2257 1454 2288 Varr.
1479 2263 1531 2297 ap.

208 2302 356 2332 Nonium
380 2313 450 2332 100.
473 2313 492 2340 3
618 2313 638 2340 9
661 2313 828 2332 summum
847 2303 1014 2332 medicum
1032 2313 1096 2333 0111.
1118 2301 1169 2330 Ml
1295 2312 1332 2339 13
1355 2311 1374 2331 a
1391 2312 1456 2332 0111.
1482 2300 1533 2330 M¹

215 2356 248 2384 17
274 2346 343 2386 egi]
363 2346 466 2383 relegi
484 2345 674 2386 Peerlkamp
766 2345 913 2375 Primum
937 2347 1025 2384 quod
1051 2346 1181 2383 attinet,
1209 2345 1290 2374 nihil
1308 2344 1356 2374 vel
1375 2344 1532 2384 Primum,

209 2390 297 2428 quod
316 2390 445 2422 attinet,
468 2389 548 2418 nihil
565 2388 635 2420 edd.
655 2389 758 2426 :s0rt.
779 2389 933 2428 Primum,
953 2389 1041 2428 quod
1059 2388 1179 2419 attinet
1198 2388 1290 2428 nihil,
1311 2388 1393 2418 nihil
