1742 2651
57 97 129 133 XI.
152 96 259 132 xxiii
551 96 605 131 M.
639 96 805 131 TVLLI
839 95 1145 133 CICERONIS

181 207 219 244 in
241 207 285 244 iis
307 206 440 245 litteris
463 206 605 251 nescio,
625 207 693 244 sed
716 206 809 243 mihi
828 207 940 244 valde
962 206 1134 255 Quintus
1150 209 1264 246 frater
1283 210 1504 259 gratulatur.

181 272 378 322 Equidem
400 272 438 309 in
460 285 550 309 meo
572 279 682 309 tanto
709 279 872 320 peccato
894 271 990 308 nihil
1015 285 1064 309 ne
1085 272 1322 322 cogitatione
1346 273 1506 323 quidem

134 346 157 382 3
178 337 341 387 adsequi
373 351 533 387 possum
559 338 667 386 quod
696 336 791 374 mihi
821 336 1022 375 tolerabile
1052 337 1174 387 possit
1201 352 1295 376 esse.
1355 341 1414 377 Te
1439 353 1507 377 oro

178 411 219 441 ut
254 404 304 441 de
335 404 408 440 hac
444 402 585 440 misera
613 401 760 451 cogites
793 409 830 439 et
865 401 961 440 illud
996 403 1046 440 de
1076 416 1155 452 quo
1184 405 1234 442 ad
1264 411 1302 442 te
1333 404 1508 454 proxime

177 468 323 518 scripsi,
348 476 389 505 ut
416 467 565 517 aliquid
593 466 823 505 conficiatur
847 468 899 504 ad
926 466 1100 516 inopiam
1128 470 1447 519 propulsandam,
1470 477 1508 507 et
1529 478 1546 510 5

178 534 295 572 etiam
321 534 370 571 de
398 533 483 582 ipso
509 540 755 570 testamento,
818 533 922 570 Illud
950 546 1109 582 quoque
1130 535 1269 572 vellem
1296 542 1412 572 antea
1439 535 1508 573 sed

178 598 311 637 omnia
350 597 562 635 timuimus.
635 597 780 634 Melius
819 597 980 646 quidem
1016 597 1054 634 in
1090 598 1268 647 pessimis
1302 599 1399 637 nihil
1438 599 1509 637 fuit

178 664 355 703 discidio.
413 662 575 712 Aliquid
597 662 823 700 fecissemus
845 670 886 699 ut
908 662 975 699 viri
998 664 1057 700 vel
1079 664 1299 701 tabularum
1320 677 1508 702 novarum

180 729 341 768 nomine
370 730 431 766 vel
461 735 740 766 nocturnarum
775 727 1110 777 expugnationum
1141 731 1201 766 vel
1235 731 1419 768 Metellae
1449 731 1509 768 vel

179 794 356 833 omnium
393 795 610 840 malorum;
652 806 726 831 nec
756 806 815 830 res
847 793 1009 842 perisset
1041 801 1079 830 et
1110 793 1330 832 videremur
1360 794 1509 845 aliquid
1533 809 1571 830 10

178 860 325 899 doloris
355 859 472 897 virilis
502 858 698 898 habuisse.
760 858 927 896 Memini
958 859 1122 897 omnino
1153 867 1237 898 tuas
1268 860 1412 899 litteras
1439 861 1509 899 sed

179 933 216 964 et
237 933 392 975 tempus
414 924 509 962 illud
527 940 534 969 ;
563 923 635 963 etsi
655 923 811 974 quidvis
838 923 1037 972 praestitit.
1100 926 1218 962 Nunc
1246 925 1406 974 quidem
1427 925 1511 975 ipse

179 991 332 1029 videtur
352 989 609 1037 denuntiare3
637 988 820 1027 audimus
845 988 950 1026 enim
972 990 1022 1026 de
1050 996 1176 1027 statua
1198 990 1324 1028 Clodi.
1386 993 1511 1029 Gene-

181 1071 318 1095 rumne
335 1063 510 1093 nostrum
526 1054 775 1105 potissimum
789 1055 849 1092 vel
863 1055 938 1092 hoc
952 1055 1012 1092 vel
1028 1055 1179 1093 tabulas
1193 1069 1314 1093 novas
1328 1058 1344 1094 ?
1378 1058 1510 1095 Placet

182 1122 275 1160 milii
316 1121 430 1172 igitur
463 1128 501 1158 ct
532 1120 626 1159 item
661 1119 731 1158 tibi
762 1119 945 1157 nuntium
984 1119 1138 1157 remitti.
1200 1122 1310 1158 Petet
1347 1122 1509 1160 fortasse
1532 1133 1570 1164 15

182 1188 333 1227 tertiam
364 1187 607 1237 pensionem.
667 1186 886 1225 Considera
916 1185 1030 1236 igitur
1060 1194 1196 1224 tumne
1225 1201 1315 1225 cum
1344 1189 1395 1226 ab
1424 1188 1511 1238 ipso

184 1261 363 1292 nascetur
383 1267 432 1290 an
454 1252 570 1302 prius.
628 1254 713 1302 Ego
734 1251 765 1289 si
786 1253 866 1289 ullo
887 1252 1009 1289 modo
1030 1259 1206 1301 potuero,
1229 1254 1289 1291 vel
1310 1254 1511 1292 nocturnis

184 1318 387 1357 itineribus
408 1317 581 1367 experiar
601 1325 643 1354 ut
670 1324 707 1354 te
727 1316 893 1354 videam.
953 1318 1017 1354 Tu
1037 1324 1076 1355 et
1103 1318 1199 1356 haec
1216 1326 1253 1356 et
1274 1318 1305 1356 si
1326 1318 1421 1369 quid
1442 1319 1513 1358 erit

185 1385 293 1435 quod
315 1383 464 1422 intersit
486 1396 573 1421 mea
593 1381 690 1420 scire
711 1381 857 1420 scribas
877 1381 1004 1420 velim.
1065 1384 1173 1420 Vale.

230 1550 380 1586 XXIV
495 1552 563 1583 Ser.
583 1550 747 1582 Brundisi
759 1551 816 1581 viii
829 1550 880 1582 Id.
898 1549 984 1581 Sext.
1002 1561 1031 1581 (ι.
1051 1560 1109 1590 707
1126 1553 1207 1590 (47).
1536 1565 1576 1587 20

599 1646 774 1677 CICERO
799 1646 971 1676 ATTICO
1005 1646 1100 1677 SAL.

154 1753 169 1777 1
243 1740 356 1787 Quae
377 1738 529 1775 dudum
551 1738 601 1774 ad
624 1750 686 1774 me
706 1744 743 1774 et
765 1749 865 1785 quae
887 1735 1003 1774 ctiam
1025 1736 1097 1780 †ad
1120 1748 1182 1773 me
1203 1734 1326 1774 visati·
1345 1732 1515 1771 Tulliam

188 1805 237 1842 de
259 1817 321 1841 me
343 1802 538 1852 scripsisti,
563 1815 608 1840 ea
629 1801 755 1839 sentio
776 1814 861 1838 esse
882 1814 980 1839 vera.
1043 1802 1103 1838 Eo
1123 1813 1209 1838 sum
1238 1798 1421 1843 miserior,
1445 1797 1516 1836 etsi

232 1919 248 1945 7
273 1907 401 1937 omnial
421 1912 572 1945 tempora
589 1906 637 1936 vel
651 1905 764 1936 omina
781 1905 932 1936 Schmidt
1085 1906 1105 1935 8
1130 1910 1163 1935 ut
1181 1904 1243 1934 viri
1260 1903 1494 1943 Pantagathus
1510 1914 1516 1932 :

187 1958 221 1982 ut
248 1952 314 1981 uiui
340 1951 447 1981 codd:
475 1950 527 1980 vcl
552 1950 619 1979 vini
647 1950 726 1980 coni.
752 1949 941 1989 IVescnbcag
1091 1960 1112 1987 9
1135 1949 1274 1979 alierum
1292 1947 1344 1977 vel
1363 1950 1440 1977 ΣΔε
1463 1946 1515 1976 vel

189 1998 221 2025 in
251 1993 350 2025 lVZl:
379 1995 476 2024 velim
494 1992 558 2022 Zl':
585 1993 637 2023 vel
658 1995 794 2024 nomine
815 1992 988 2023 Sclnmdt:
1012 1992 1112 2023 villae
1132 1993 1211 2023 coni.
1235 1991 1352 2021 Orelli:
1376 1990 1519 2020 omittere

187 2040 256 2069 vult
278 2039 465 2078 llskscnhmg
570 2048 607 2067 12
634 2037 748 2077 Nunc]
766 2038 817 2067 l11'c
830 2037 945 2067 desini!
964 2035 1010 2065 W
1114 2046 1152 2074 13
1178 2035 1374 2065 renuntiare
1393 2033 1516 2063 Grono-

188 2084 260 2114 vius
381 2083 422 2111 de
447 2086 559 2112 statua
585 2082 683 2111 Clodi
708 2081 830 2119 conieci,
851 2081 888 2119 cf.
909 2081 1007 2120 [ἣτις.
1028 2091 1057 2110 v.
1079 2090 1143 2110 20:
1169 2080 1210 2109 de
1234 2078 1351 2108 staturi
1373 2077 1461 2107 elodi
1480 2076 1521 2106 M

192 2138 228 2165 14
248 2127 346 2167 prins
362 2126 413 2155 vcl
432 2126 560 2155 coniscz':
585 2130 620 2155 ut
633 2125 721 2155 codd.
735 2136 740 2154 ;
767 2125 873 2154 locum
891 2125 936 2153 ila
953 2124 1120 2164 explicavit
1134 2122 1286 2153 Schmidt
1298 2122 1516 2151 Generumne

190 2175 343 2201 nostrum
360 2170 472 2208 potius
488 2178 542 2199 (sc.
560 2169 826 2209 arspeclabimus)
841 2173 875 2198 ut
892 2168 955 2197 hoc
974 2171 1028 2206 (sc.
1043 2167 1169 2205 (ffict'at)
1181 2166 1233 2196 vel
1249 2165 1378 2196 tabulas
1394 2166 1514 2194 novas?

194 2217 231 2244 16
254 2224 329 2244 cum
345 2212 439 2244 Man.
460 2225 466 2243 t
492 2214 558 2243 vim
576 2212 663 2243 codd.
755 2213 796 2242 ab
813 2212 886 2251 ipso
903 2211 985 2242 Ant.
1002 2211 1070 2242 FI:
1093 2211 1199 2241 abuso
1217 2209 1257 2238 M
1390 2208 1427 2236 18
1452 2207 1516 2237 hoc

195 2257 384 2297 Illum-nbcag
506 2266 543 2295 19
568 2266 642 2286 mea
660 2256 805 2286 Erncslz':
832 2266 883 2285 me
899 2255 988 2285 codd,
1118 2265 1158 2284 22
1182 2263 1268 2292 quae
1286 2253 1385 2282 etiam
1403 2252 1444 2281 ad
1462 2261 1515 2280 me

190 2302 240 2331 bis
258 2303 298 2331 ad
316 2295 362 2330 Zl’
380 2313 386 2331 2
410 2311 494 2339 quae
517 2301 617 2330 ctiam
630 2305 709 2330 ante
724 2300 775 2329 bis
791 2300 832 2329 ad
847 2298 924 2328 Vict.
942 2310 948 2328 z
971 2309 1058 2337 quae
1072 2298 1171 2328 ctiam
1189 2297 1230 2327 ad
1247 2306 1339 2326 meos
1357 2296 1389 2325 id
1406 2300 1457 2325 est
1474 2295 1516 2324 ad

190 2345 334 2375 Mz'iller:
365 2346 464 2383 (quae
490 2344 591 2374 etiam
613 2345 654 2374 ad
678 2354 730 2373 me
752 2343 816 2380 vis)
841 2343 883 2373 ad
908 2341 1102 2372 Lehmann:
1129 2341 1213 2380 sort.
1238 2341 1279 2371 ad
1305 2350 1357 2370 me
1380 2339 1431 2369 bis
1450 2341 1518 2368 erat

189 2394 266 2419 nota
283 2389 402 2419 scribae
418 2388 458 2418 ad
477 2398 528 2417 me
547 2387 594 2417 his
609 2388 767 2417 inserlum
776 2387 884 2425 fuisse
901 2386 1072 2416 indicantis
