1742 2651
114 834 152 855 10

577 119 688 154 EPP.
721 118 799 153 AD
830 115 1091 153 ATT1CVM
1385 116 1493 152 XIV.
1514 114 1606 150 xxii

167 232 272 270 enim
305 230 448 282 plane),
483 230 623 268 timent
657 228 806 275 otium3
848 227 1025 265 ὑπόθεσιν
1055 234 1187 264 autem
1220 227 1321 263 hanc
1352 226 1498 263 habent

168 311 334 347 eamque
376 310 467 346 prae
512 310 552 333 se
596 296 734 340 ferunt,
775 293 1032 331 clarissimum
1071 293 1198 330 virum
1238 291 1496 336 interfectum,

169 370 292 400 totam
319 375 400 400 rem
427 360 627 411 publicam
654 359 757 397 illius
787 358 943 396 interitu
973 357 1250 408 perturbatam,
1278 356 1391 394 inrita
1418 358 1499 393 fore

169 442 270 477 quae
294 428 357 465 ille
382 426 522 476 egisset
554 425 668 463 simul
695 439 740 463 ac
770 424 1047 462 desisteremus
1072 422 1219 469 timere,
1249 421 1497 459 clementiam

170 493 222 530 illi
253 494 357 530 malo
387 491 515 538 fuisse,
538 504 616 540 qua
642 490 672 528 si
698 503 789 527 usus
811 503 892 527 non
917 496 1028 535 esset,
1052 487 1149 525 nihil
1170 487 1205 525 ei
1226 489 1301 524 tale
1322 486 1500 524 accidere

170 558 354 607 potuisse.
416 556 517 593 Mihi
546 564 677 593 autem
699 554 805 593 venit
832 554 871 591 in
902 561 1087 599 mentem,
1110 552 1142 590 si
1169 552 1382 601 Pompeius
1409 565 1498 588 cum

169 622 338 660 exercitu
369 623 481 659 firmo
508 621 648 667 veniat,
678 621 786 670 quod
813 627 870 657 est
901 621 1066 670 εὔλογον,
1096 626 1199 655 certe
1229 619 1310 655 fore
1340 618 1499 655 bellum.

172 690 285 725 Haec
307 701 369 725 me
394 686 543 736 species
574 685 838 735 cogitatioque
864 685 1074 734 perturbat.
1136 684 1277 732 Neque
1297 682 1401 720 enim
1424 681 1501 719 iam

171 755 279 803 quod
300 752 371 790 tibi
393 760 476 789 tum
497 751 605 788 licuit
626 750 741 788 nobis
762 764 868 787 nunc
888 749 1032 788 licebit.
1094 749 1197 786 Nam
1217 755 1350 798 aperte
1371 746 1502 785 laetati

172 832 317 856 sumus.
380 817 537 854 Deinde
558 817 705 853 habent
732 815 771 852 in
802 829 868 853 ore
898 829 969 852 nos
997 814 1178 864 ingratos.
1239 814 1360 851 Nullo
1381 813 1504 850 modo

171 883 303 921 liCebit
325 883 433 932 quod
455 890 538 919 tum
563 889 601 919 et
621 880 691 918 tibi
712 880 821 918 licuit
847 888 885 918 et
912 879 1055 917 multis.
1123 879 1506 928 Φαινοπροσωπητεόν

171 962 262 998 ergo
294 956 331 986 et
363 949 456 985 ἰτέον
485 947 524 984 in
555 947 708 984 castra?
766 945 925 983 Miliens
961 944 1058 983 mori
1092 944 1242 990 melius,
1275 943 1366 982 huic
1400 957 1506 994 prae-

172 1014 303 1051 sertim
338 1013 465 1051 aetati.
540 1013 679 1061 Itaque
714 1025 776 1049 me
810 1012 905 1049 Idus
941 1010 1107 1048 Martiae
1141 1023 1222 1047 non
1254 1016 1333 1046 tam
1368 1022 1505 1047 conso-

172 1081 300 1116 lantur
334 1092 452 1128 quam
487 1085 612 1115 antea.
688 1078 878 1126 Magnum
918 1075 1024 1114 enim
1063 1076 1252 1113 mendum
1286 1074 1503 1112 continent.

176 1144 259 1183 Etsi
280 1144 333 1182 illi
354 1144 514 1182 iuvenes

386 1211 519 1248 ἄλλοις
548 1212 586 1246 ἐν
615 1208 766 1247 ἐσθλοῖς
794 1206 889 1245 τόνδ’
918 1207 1149 1245 ἀπωθοῦνται
1177 1207 1305 1258 ψόγον.

175 1276 253 1313 Sed
283 1274 313 1312 si
344 1281 384 1311 tu
415 1274 554 1312 melius
583 1273 787 1322 quidpiam
819 1286 959 1322 speras,
983 1273 1092 1321 quod
1121 1280 1159 1310 et
1188 1273 1299 1321 plura
1326 1270 1440 1309 audis
1469 1278 1507 1308 et

176 1340 317 1377 interes
356 1338 538 1385 consiliis,
581 1337 726 1375 scribas
770 1339 821 1375 ad
868 1351 930 1374 me
968 1337 1085 1375 velim
1124 1336 1319 1385 simulque
1361 1336 1507 1385 cogites

176 1405 271 1454 quid
299 1405 496 1454 agendum
524 1403 638 1441 nobis
669 1403 717 1440 sit
744 1416 859 1452 super
888 1401 1082 1452 legatione
1109 1401 1248 1439 votiva.
1310 1401 1506 1450 Equidem

117 1486 130 1506 2
177 1470 215 1507 in
246 1470 305 1507 his
335 1469 431 1507 locis
461 1482 625 1506 moneor
653 1481 676 1505 a
706 1467 836 1504 multis
868 1481 917 1504 ne
946 1466 985 1504 in
1011 1474 1148 1504 senatu
1180 1466 1382 1504 Kalendis.
1444 1466 1509 1502 Di-

178 1543 319 1573 cuntur
357 1534 463 1573 enim
502 1535 656 1571 occulte
695 1532 836 1570 milites
870 1534 921 1570 ad
956 1546 1042 1570 eam
1077 1532 1182 1570 diem
1222 1530 1437 1580 comparari
1470 1538 1508 1568 et

180 1600 340 1650 quidem
372 1599 411 1637 in
442 1599 536 1637 istos
566 1598 633 1648 qui
664 1597 759 1636 mihi
789 1598 972 1636 videntur
1006 1596 1131 1636 ubivis
1167 1596 1286 1635 tutius
1316 1609 1433 1646 quam
1469 1595 1508 1633 in

181 1673 317 1704 senatu
339 1666 431 1703 fore.

227 1780 246 1799 2
272 1770 376 1799 virum
399 1768 475 1799 add.
502 1768 618 1799 Orelli:
645 1767 953 1798 (tnteclarissimum
971 1766 1045 1798 add.
1065 1766 1164 1797 Rom.
1180 1765 1201 1795 I
1380 1776 1399 1803 4
1425 1766 1511 1796 desi-

183 1818 351 1843 steremus
374 1813 544 1843 Faernus:
571 1812 773 1843 desistemus
788 1811 829 1841 M
958 1812 979 1840 6
1004 1810 1168 1849 potuisset
1186 1809 1239 1840 M2
1377 1819 1413 1848 15
1440 1809 1511 1839 Etsi

184 1857 228 1887 illi
247 1855 300 1886 M*2
317 1868 324 1887 :
350 1861 383 1887 et
402 1855 486 1887 Sulli
513 1854 566 1886 M1
583 1868 590 1887 ε
615 1856 679 1887 nisi
699 1855 745 1886 illi
765 1855 798 1886 C.
821 1855 857 1887 F.
878 1854 1055 1885 Hermann
