1742 2651
109 108 178 144 IX.
201 117 263 143 xv
595 109 650 145 M.
683 108 849 145 TVLLI
882 107 1188 146 CICERONIS

185 228 210 255 2
229 219 306 257 Sed
338 220 435 258 haec
470 219 621 269 longius
651 220 804 258 absunt.
866 221 934 258 Me
967 233 1071 257 nunc
1106 227 1143 257 et
1174 231 1404 268 congressus
1436 216 1550 255 huius

227 284 399 322 stimulat
431 284 479 334 (is
511 298 602 323 vero
639 284 768 334 adest)
807 292 844 323 et
883 284 1026 334 primas
1065 283 1148 322 eius
1186 283 1360 321 actiones
1399 283 1548 320 horreo.

226 350 342 387 Volet
373 349 488 396 enim,
521 351 653 395 credo,
681 352 716 387 S.
751 350 794 388 C.
827 351 966 397 facere,
996 351 1100 387 volet
1129 362 1319 398 augurum
1349 348 1551 385 decretum

228 413 439 463 (rapiemur
469 422 536 451 aut
567 415 750 452 absentes
786 413 1039 464 vexabimur)7
1074 415 1134 451 vel
1164 421 1206 450 ut
1236 413 1417 450 consules
1444 418 1551 460 roget

227 486 380 527 praetor
411 481 469 516 vel
510 478 741 517 dictatorem
782 479 910 525 dicat3
951 492 1118 528 quorum
1161 486 1343 515 neutrum
1383 476 1442 514 ius
1480 484 1548 514 est.
1572 491 1588 521 5

230 543 324 591 Etsi,
348 543 378 581 si
408 545 513 582 Sulla
541 544 669 593 potuit
696 545 848 582 efficere
874 545 924 582 ab
965 544 1156 592 interrege
1186 550 1227 580 ut
1257 542 1425 580 dictator
1451 540 1553 578 dice-

227 615 330 646 retur
365 606 419 660 [et
455 609 636 658 magister
672 607 879 660 equitum],
918 623 986 646 cur
1024 608 1088 646 hic
1120 621 1201 645 non
1235 605 1387 656 possit?
1443 605 1551 643 Nihil

225 672 392 722 expedio
420 673 493 710 nisi
519 681 559 711 ut
587 681 653 711 aut
675 674 725 711 ab
747 674 823 711 hoc
851 681 1052 723 tamquam
1076 674 1124 721 Q.
1150 671 1308 710 Mucius
1329 678 1395 709 aut
1415 670 1464 707 ab
1486 669 1552 707 illo

225 745 427 786 tamquam
451 740 492 776 L.
517 738 658 788 Scipio.

183 811 206 848 3
281 803 383 841 Cum
399 810 439 840 tu
454 805 550 842 haec
564 805 762 854 leges,ego
777 804 885 842 illum
901 805 1062 842 fortasse
1077 815 1310 841 convenero.
1348 799 1551 838 ιΤέτλοιθι]
1574 812 1612 833 10

226 869 235 885 ‘'
254 869 461 917 Kfivrepov'
482 882 532 906 ne
552 868 648 906 illud
670 868 831 918 quidem
853 876 1029 906 nostrum
1051 867 1262 918 proprium.
1323 867 1417 904 Erat
1446 864 1551 903 enim

224 945 312 981 spes
334 932 545 982 propinqui
572 933 731 980 reditus,
753 941 833 971 erat
853 933 1060 971 hominum
1082 933 1250 982 querela.
1310 931 1429 968 Nunc
1450 928 1552 967 exire

223 997 415 1048 cupimus,
438 1011 516 1048 qua
545 1011 614 1048 spe
644 998 789 1036 reditus
819 997 913 1035 mihi
936 997 1097 1047 quidem
1128 1009 1347 1046 numquam
1376 994 1416 1032 in
1446 1007 1552 1031 men-

223 1071 302 1102 tem
324 1063 439 1102 venit.
500 1065 592 1101 Non
624 1065 744 1102 modo
773 1071 905 1101 autem
936 1065 1042 1101 nulla
1069 1064 1226 1113 querela
1256 1069 1314 1100 est
1338 1059 1552 1110 municipa-

223 1129 318 1166 lium
366 1129 573 1167 hominum
617 1142 662 1167 ac
704 1128 935 1166 rusticorum
985 1129 1054 1166 sed
1102 1135 1238 1166 contra
1280 1133 1462 1164 metuunt
1509 1131 1551 1162 ut
1573 1137 1610 1167 15

223 1194 433 1240 crudelem,
458 1193 608 1231 iratum.
669 1195 754 1232 Nec
786 1201 917 1231 tamen
940 1193 1035 1230 mihi
1061 1192 1274 1242 quicquam
1295 1199 1352 1229 est
1373 1189 1550 1228 miserius

222 1273 341 1309 quam
376 1259 608 1298 remansisse
640 1273 712 1297 nec
747 1259 917 1309 optatius
949 1271 1067 1308 quam
1098 1259 1252 1296 evolare
1281 1270 1362 1295 non
1391 1264 1471 1294 tam
1500 1255 1552 1293 ad

222 1325 314 1363 belli
335 1338 453 1374 quam
474 1326 524 1363 ad
545 1326 658 1374 fugae
686 1324 925 1363 societatem.
986 1325 1089 1364 †Sed
1120 1332 1161 1362 tu
1190 1323 1324 1362 omnia
1349 1322 1440 1372 qui†
1461 1334 1552 1359 con-

222 1390 306 1428 silia
335 1389 541 1428 differebas
572 1389 611 1426 in
643 1389 683 1428 id
715 1397 870 1440 tempus
898 1403 989 1428 cum
1018 1389 1205 1427 sciremus
1236 1402 1337 1438 quae
1367 1384 1551 1425 Brundisi

221 1462 309 1492 acta
355 1462 495 1492 essent.
574 1454 726 1492 Scimus
765 1468 909 1505 nempe
926 1469 936 1501 3
984 1455 1190 1493 haeremus
1238 1453 1361 1491 nihilo
1408 1451 1548 1489 minus.
1574 1463 1612 1484 20

224 1520 299 1557 Vix
337 1520 441 1558 enim
477 1533 590 1569 spero
626 1519 720 1557 mihi
760 1521 865 1558 hunc
899 1519 1054 1558 veniam
1090 1521 1284 1565 daturum,
1320 1517 1391 1556 etsi
1431 1517 1552 1555 multa

223 1586 358 1624 adfero
379 1585 479 1623 iusta
499 1586 550 1623 ad
570 1585 871 1634 impetrandum.
925 1586 1003 1624 Sed
1020 1585 1090 1623 tibi
1107 1598 1267 1623 omnem
1283 1583 1384 1622 illius
1405 1595 1553 1620 meum-

226 1664 303 1700 que
337 1664 559 1689 sermonem
594 1650 779 1688 omnibus
810 1650 938 1689 verbis
971 1665 1196 1701 expressum
1227 1649 1357 1689 statim
1386 1648 1549 1686 mittam.

182 1727 207 1763 4
227 1718 289 1754 Tu
311 1730 416 1754 nunc
437 1715 545 1754 omni
571 1729 704 1754 amore
732 1715 878 1754 enitere
899 1724 941 1754 ut
969 1730 1040 1755 nos
1069 1730 1160 1754 cura
1184 1723 1251 1754 tua
1279 1722 1318 1754 et
1343 1712 1551 1765 prudentia

227 1781 345 1819 iuves.
390 1783 450 1819 Ita
471 1780 602 1819 subito
622 1780 787 1818 accurrit
809 1789 850 1819 ut
868 1795 917 1819 ne
934 1784 979 1819 T.
998 1781 1184 1820 Rebilum
1201 1780 1373 1831 quidem,
1396 1786 1439 1817 ut
1459 1791 1550 1816 con-
1571 1788 1608 1820 25

224 1846 435 1893 stitueram‚
473 1845 620 1895 possim
650 1845 808 1887 videre:
845 1847 978 1884 omnia
1012 1846 1128 1885 nobis
1159 1845 1357 1896 imparatis
1385 1844 1548 1893 agenda.

223 1912 301 1949 Sed
322 1919 453 1948 tamen
475 1914 484 1929 ⁶
502 1913 603 1949 ἄλλα
630 1913 698 1960 μὲν
726 1913 855 1956 aivi-<553²
877 1919 918 1949 ut
938 1912 990 1949 ait
1011 1912 1084 1959 ille,
1111 1913 1234 1950 (ἄλλα
1262 1911 1300 1949 δὲ
1329 1911 1388 1948 καὶ
1416 1910 1554 1959 δαίμων

222 1977 474 2026 ὑποθήσεται]
545 1976 748 2026 Quicquid
790 1990 905 2027 egero
944 1977 1134 2015 continuo
1173 1976 1281 2015 scies.
1361 1976 1553 2013 Mandata

225 2042 402 2081 Caesaris
436 2043 487 2081 ad
518 2044 700 2081 consules
735 2050 773 2081 et
804 2044 855 2081 ad
891 2042 1126 2092 Pompeium
1161 2056 1261 2092 quae
1290 2054 1414 2091 rogas,
1445 2041 1552 2078 nulla

266 2158 285 2185 4
310 2150 384 2176 ante
409 2146 578 2185 rapiemur
607 2146 746 2177 addend.
775 2147 917 2177 Romam
951 2147 1028 2177 coni.
1053 2146 1137 2176 Boot
1297 2145 1350 2175 vel
1379 2145 1429 2185 ut]
1459 2144 1552 2174 volet

224 2189 410 2220 Mommsen
510 2201 529 2229 5
555 2195 590 2220 ut
602 2194 677 2230 post
691 2191 744 2220 vel
761 2190 835 2220 add.
861 2189 1049 2229 {Vescnbffl‘g
1147 2192 1167 2220 6
1192 2189 1264 2220 Etsi
1280 2189 1412 2219 Baiter:
1440 2192 1473 2218 et
1490 2187 1550 2216 M:

223 2234 283 2263 sed
307 2227 351 2263 Zb
530 2245 546 2272 7
573 2238 606 2264 et
627 2234 786 2272 magister
808 2234 958 2272 equitum
979 2233 1153 2263 delendum
1175 2232 1320 2263 videtur:
1352 2242 1417 2261 om.
1438 2230 1553 2261 codices

224 2276 430 2316 Malaspinae
446 2280 475 2307 et
489 2277 549 2307 alii
707 2287 740 2307 11
768 2277 856 2307 Ante
874 2277 1044 2316 ’κύντερον
1056 2277 1064 2288 '
1081 2276 1156 2307 add.
1172 2275 1218 2307 At
1235 2274 1357 2306 Scln'itz
1513 2283 1551 2303 12

222 2321 371 2351 omnium
389 2319 474 2350 Reid
618 2322 656 2351 18
682 2320 750 2351 Sed
768 2325 802 2350 tu
819 2320 876 2350 ubi
895 2320 1006 2350 omnia
1023 2320 1079 2359 qui
1103 2320 1223 2359 sywell
1235 2319 1302 2349 coll.
1319 2319 1362 2349 vi.
1380 2329 1408 2348 2.
1429 2328 1462 2356 7:
1495 2317 1550 2356 qui

221 2375 286 2395 om.
300 2365 387 2404 vulg.
402 2375 408 2393 ε
434 2364 502 2394 Sed
521 2364 606 2394 heus
622 2368 669 2402 tu,
683 2365 796 2394 omnia
812 2364 868 2403 qui
885 2363 1036 2394 Schmidt
1052 2363 1151 2403 :sorL
1172 2363 1231 2394 sed
1248 2363 1326 2403 quid
1344 2367 1377 2392 tu
1393 2364 1402 2392 ἓ
1428 2360 1540 2391 omnia
