1742 2651
134 841 171 864 10

134 1292 168 1324 ¹5

133 1618 173 1638 20

602 131 714 168 EPP.
746 131 823 167 AD
853 128 1114 167 ATTICVM
1418 128 1536 165 XIII.
1560 125 1655 164 xlvi

191 241 403 292 multisque
430 241 555 288 rebus,
579 241 676 278 nihil
701 254 724 278 a
750 240 876 278 nobis.
936 240 1172 286 Subaccusa‚
1202 252 1364 289 quaeso,
1384 240 1522 277 Vesto-

190 307 301 345 rium.
344 306 452 355 Quid
473 306 602 344 minus
623 306 873 356 probandum
890 319 1008 355 quam
1031 305 1202 343 Plotium
1220 304 1521 354 unguentarium

190 386 258 422 per
285 386 376 410 suos
406 385 547 422 pueros
577 371 711 409 omnia
737 379 847 409 tanto
876 378 967 408 ante
998 371 1134 416 Balbo,
1158 369 1268 407 illum
1297 369 1349 406 mi
1375 382 1424 406 ne
1454 382 1522 418 per

192 451 300 476 meos
322 437 512 487 quidem?
570 439 631 475 De
653 436 837 476 Cossinio
857 437 999 483 doleo3
1028 435 1144 474 dilexi
1166 434 1381 472 hominem.
1539 448 1567 486 4

246 502 398 551 Quinto
437 503 629 552 delegabo
660 502 691 539 si
726 501 822 551 quid
855 501 934 539 aeri
966 513 1055 538 meo
1089 499 1219 538 alieno
1253 498 1452 549 superabit
1484 505 1522 536 et

190 568 457 617 emptionibus
496 581 542 605 ex
576 567 719 617 quibus
754 566 806 604 mi
838 566 955 604 etiam
989 579 1054 603 aes
1088 565 1260 603 alienum
1296 564 1521 602 faciendum

190 641 297 683 puto.
360 635 420 670 De
441 634 562 671 domo
584 631 723 682 Arpini
744 631 798 669 nil
819 631 912 669 scio.

244 697 470 735 Vestorium
502 697 556 734 nil
591 704 649 734 est
684 697 792 746 quod
825 709 997 734 accuses.
1059 697 1144 733 Iam
1176 695 1282 733 enim
1317 694 1565 744 obsignata5

191 763 264 800 hac
285 762 451 811 epistula
481 769 602 799 noctu
623 760 846 799 tabellarius
875 768 1007 798 noster
1027 760 1133 798 venit
1161 768 1199 797 et
1225 760 1277 797 ab
1304 772 1352 797 eo
1376 759 1521 797 litteras

190 826 396 876 diligenter
416 826 578 876 scriptas
599 826 726 864 attulit
748 833 785 863 et
806 827 1030 875 exemplum
1052 824 1286 863 testamenti.

234 971 407 1007 XLVII
489 975 558 1006 Scr.
578 976 611 1005 1'11
634 974 819 1005 Tusculano
836 973 885 1005 Id.
905 973 993 1004 Sext.
1012 985 1043 1006 a.
1064 984 1123 1014 709
1138 973 1220 1015 (45).

598 1062 769 1093 CICERO
792 1062 974 1093 ATTICO
997 1061 1105 1093 SAL.

247 1153 410 1189 ‘Postea
427 1164 546 1200 quam
566 1151 636 1188 abs
656 1158 708 1197 te,
722 1151 996 1199 Agamemno,’
1010 1163 1091 1187 non
1112 1153 1121 1169 ‘
1137 1157 1178 1187 ut
1195 1149 1389 1188 venirem’
1411 1149 1520 1200 (nam

189 1216 229 1254 id
250 1229 410 1266 quoque
436 1215 616 1253 fecissem
644 1215 717 1252 nisi
744 1216 970 1263 Torquatus
997 1214 1115 1265 esset)
1146 1216 1216 1252 sed
1243 1222 1284 1252 ut
1311 1214 1521 1252 scriberem

192 1281 339 1331 ‘tetigit
365 1281 467 1318 auris
491 1281 662 1327 nuntius,
685 1282 883 1330 extemplo
897 1282 905 1297 '
927 1280 1103 1318 instituta
1123 1280 1262 1328 omisi3
1292 1294 1338 1318 ea
1358 1293 1460 1330 quae
1481 1280 1520 1317 in

191 1346 372 1384 manibus
393 1346 589 1384 habebam
608 1344 749 1391 abieci,
769 1346 877 1394 quod
905 1344 1070 1382 iusseras
1097 1345 1261 1383 edolavi.
1321 1347 1384 1383 Tu
1405 1345 1521 1383 velim

190 1426 211 1450 c
244 1411 390 1450 Pollice
423 1424 638 1461 cognoscas
671 1409 840 1447 rationes
875 1418 1026 1447 nostras
1058 1410 1329 1459 sumptuarias.
1388 1412 1523 1460 Turpe

190 1485 247 1514 est
282 1477 387 1514 enim
419 1476 534 1515 nobis
569 1476 690 1522 illum,
722 1474 1022 1524 qualiscumque
1052 1484 1120 1521 est,
1153 1477 1229 1514 hoc
1258 1475 1386 1526 primo
1415 1488 1522 1512 anno

191 1555 314 1591 egere.
374 1543 467 1580 Post
488 1541 783 1580 moderabimur
803 1540 1039 1590 diligentius.
1100 1542 1213 1579 Idem
1241 1542 1375 1579 Pollex
1396 1540 1522 1579 remit-

192 1607 334 1644 tendus
354 1614 411 1644 est
434 1614 474 1644 ut
495 1606 559 1644 ille
585 1613 728 1644 cernat.
790 1606 911 1642 Plane
934 1606 1119 1642 Puteolos
1145 1618 1225 1642 non
1247 1604 1319 1642 fuit
1346 1607 1522 1643 eundum

191 1685 281 1708 cum
321 1671 373 1708 ob
407 1684 453 1709 ea
491 1684 592 1720 quae
625 1672 676 1708 ad
715 1678 752 1708 te
784 1669 918 1719 scripsi
953 1678 1035 1707 tum
1068 1671 1177 1719 quod
1217 1670 1362 1708 Caesar
1399 1671 1521 1708 adest.

193 1737 400 1774 Dolabella
430 1736 563 1774 scribit
592 1750 633 1774 se
667 1737 717 1774 ad
751 1749 812 1774 me
842 1735 1030 1785 postridie
1062 1736 1169 1773 Idus.
1230 1735 1266 1773 O
1297 1735 1523 1785 magistrum

192 1803 401 1839 molestum
414 1805 421 1840 1

234 1908 407 1943 XLVII
424 1922 445 1942 a
505 1911 575 1944 Ser.
594 1911 741 1943 Asturae
756 1912 799 1943 iii.
819 1912 861 1943 K.
880 1911 969 1943 Sext.
987 1923 1017 1943 (ι.
1039 1921 1098 1952 709
1117 1912 1198 1952 (45).

606 1989 779 2020 CICERO
802 1989 983 2021 ATTICO
1007 1989 1117 2020 SAL.

246 2061 420 2112 Lepidus
450 2062 501 2099 ad
531 2075 594 2099 me
623 2061 706 2099 heri
734 2061 884 2111 vesperi
914 2062 1060 2099 litteras
1092 2060 1195 2098 misit
1226 2060 1359 2099 Antio.
1419 2062 1523 2099 Nam
1544 2064 1596 2105 (2)

191 2126 245 2165 ibi
287 2134 379 2164 erat.
454 2127 589 2164 Habet
629 2126 735 2164 enim
780 2128 945 2164 domum
985 2140 1104 2176 quam
1148 2139 1220 2164 nos
1259 2125 1521 2164 vendidimus.

193 2193 321 2241 Rogat
352 2204 496 2241 magno
526 2204 644 2241 opere
673 2199 716 2229 ut
745 2191 818 2229 sim
852 2192 938 2229 Kal.
963 2191 1002 2228 in
1033 2199 1195 2239 senatu3
1230 2204 1293 2229 me
1320 2199 1358 2230 et
1385 2191 1459 2229 sibi
1486 2198 1524 2229 et

238 2304 276 2333 15
301 2295 411 2333 tetigit
428 2295 520 2324 auris
540 2295 676 2325 nuntius
693 2295 865 2334 extemplo
886 2295 1038 2325 instituta
1053 2294 1149 2325 omisi
1164 2288 1229 2326 CZl
1243 2306 1274 2326 v.
1289 2305 1313 2325 c.
1334 2295 1362 2324 L
1384 2294 1524 2334 xmarg.)

191 2338 306 2369 codices
321 2337 422 2368 Bosi:
447 2339 482 2377 cf.
503 2337 651 2368 Nonimn
671 2340 744 2376 263.
765 2349 784 2377 3
801 2343 829 2368 ct
845 2337 978 2368 Ribbeck
994 2342 1000 2354 ‘
1013 2338 1113 2378 Frag.
1139 2336 1287 2379 Trag.’p.
1305 2349 1367 2378 237
1385 2351 1391 2369 :
1416 2338 1526 2377 tetigit

193 2382 290 2412 omisi
308 2386 361 2413 ΣΔ
380 2383 498 2423 (ceteris
513 2382 656 2422 omissis)
673 2393 680 2412 ε
705 2382 834 2422 pepigit
852 2382 986 2422 Oppius
1002 2381 1151 2412 Schmidt
