1742 2651
512 463 683 501 LIBER
713 457 956 501 TERTIVS
998 463 1250 502 DECIMVs

634 576 737 623 AD
787 576 1125 623 ATTICVM

257 707 280 742 I
493 709 562 740 Ser.
583 709 615 739 1‘11
640 709 823 739 Tusculano
838 720 862 739 x
878 709 919 740 K.
940 709 1016 739 Iun.
1038 720 1069 740 a.
1090 718 1147 749 709
1167 709 1249 750 (45).

685 796 860 827 CICERO
893 796 1073 827 ATTICO.

178 902 194 928 1
270 888 335 924 AD
358 885 593 925 Ciceronem
616 885 668 923 ita
688 885 875 935 scripsisti
897 893 938 923 ut
960 899 1089 935 neque
1110 885 1280 924 severius
1301 900 1430 936 neque
1451 894 1545 924 tem-

213 951 382 1001 peratius
403 950 519 988 scribi
547 951 715 1000 potuerit
746 964 818 989 nec
850 951 972 1001 magis
994 949 1147 1003 [quam]
1170 965 1286 1001 quem
1308 953 1358 990 ad
1380 953 1542 989 modum

213 1030 286 1066 ego
308 1016 476 1054 maxime
497 1017 637 1053 vellem
656 1030 665 1063 3
698 1015 1003 1065 prudentissime
1023 1015 1141 1054 etiam
1161 1017 1211 1053 ad
1232 1015 1394 1054 Tullios.
1455 1017 1545 1064 Qua
1565 1027 1581 1058 5

170 1094 194 1121 2
214 1096 252 1120 re
281 1089 348 1119 aut
378 1082 450 1119 ista
480 1080 686 1130 proficient
715 1089 781 1119 aut
810 1081 917 1119 aliud
946 1095 1117 1131 agamus.
1180 1083 1241 1119 De
1267 1080 1434 1131 pecunia
1454 1094 1545 1119 vero

214 1146 330 1185 video
350 1160 372 1184 a
394 1154 431 1184 te
452 1159 612 1184 omnem
638 1145 882 1195 diligentiam
907 1145 1085 1184 adhiberi
1107 1147 1168 1184 vel
1189 1145 1319 1195 potius
1341 1145 1417 1183 iam
1437 1145 1546 1184 adhi-

213 1211 335 1249 bitam
357 1225 452 1249 esse.
514 1212 636 1260 Quod
657 1211 688 1248 si
709 1211 840 1259 efficis,
863 1225 885 1249 a
906 1219 943 1249 te
964 1213 1098 1249 hortos
1119 1211 1286 1249 habebo.
1347 1211 1432 1249 Nec
1453 1223 1545 1248 vero

212 1278 335 1314 ullum
365 1290 489 1326 genus
519 1275 779 1326 possessionis
809 1284 867 1314 est
892 1277 1001 1326 quod
1032 1276 1176 1323 malim,
1200 1275 1368 1314 maxime
1397 1275 1545 1314 scilicet

212 1342 264 1379 ob
296 1354 385 1379 eam
418 1354 576 1379 causam
616 1354 717 1391 quae
756 1349 938 1391 suscepta
976 1349 1059 1388 est;
1104 1341 1214 1379 cuius
1252 1340 1544 1379 festinationem
1569 1354 1605 1375 ι)

213 1406 308 1444 mihi
329 1406 442 1452 tollis,
467 1406 656 1456 quoniam
681 1408 732 1445 de
756 1415 903 1445 aestate
933 1406 1128 1457 polliceris
1149 1409 1209 1444 vel
1234 1406 1365 1456 potius
1393 1406 1542 1456 recipis.

212 1471 368 1510 Deinde
385 1471 501 1510 etiam
523 1473 573 1510 ad
596 1473 825 1521 καταβίωσιν
842 1471 1155 1522 maestitiamque
1172 1471 1427 1510 minuendam
1449 1471 1545 1508 nihil

212 1537 307 1574 mihi
338 1537 493 1587 reperiri
520 1544 649 1587 potest
676 1537 829 1587 aptius;
860 1537 970 1575 cuius
992 1537 1045 1575 rei
1067 1536 1263 1586 cupiditas
1290 1536 1455 1586 impellit
1482 1549 1544 1574 me

210 1602 407 1640 interdum
440 1610 481 1639 ut
517 1610 554 1640 te
589 1602 732 1640 hortari
764 1602 891 1640 velim.
952 1604 1029 1640 Sed
1066 1616 1128 1640 me
1154 1602 1236 1651 ipse
1268 1615 1434 1647 revoco;
1462 1614 1543 1639 non

211 1667 316 1705 enim
347 1666 487 1705 dubito
508 1666 615 1716 quin,
639 1668 747 1716 quod
776 1681 839 1705 me
864 1668 978 1705 valde
1007 1668 1107 1705 velle
1130 1674 1255 1717 putes,
1278 1666 1318 1703 in
1343 1679 1390 1704 eo
1415 1673 1455 1703 tu
1480 1679 1543 1704 me
1568 1679 1601 1710 ¹5-

212 1732 339 1781 ipsum
362 1731 576 1781 cupiditate
597 1732 739 1770 vincas.
792 1734 932 1781 Itaque
952 1731 1051 1770 istuc
1072 1732 1149 1770 iam
1171 1745 1241 1782 pro
1261 1732 1364 1769 facto
1384 1731 1523 1769 habeo.

169 1801 193 1837 3
268 1798 465 1846 Exspecto
504 1787 599 1846 quid
640 1797 721 1835 istis
761 1798 913 1847 placeat
947 1797 997 1835 de
1031 1796 1197 1846 epistula
1230 1797 1281 1835 ad
1320 1797 1540 1836 Caesarem.

214 1862 347 1899 Nicias
374 1870 421 1909 te,
452 1870 493 1900 ut
518 1862 649 1908 debet,
672 1870 778 1900 amat
806 1864 1140 1912 vehementerque
1170 1870 1236 1900 tua
1265 1861 1323 1899 sui
1354 1860 1544 1899 memoria

211 1929 437 1965 delectatur.
518 1929 603 1977 Ego
642 1941 733 1965 vero
779 1928 1031 1965 Peducaeum
1072 1934 1249 1965 nostrum
1288 1927 1543 1965 vehementer

209 1991 353 2041 diligo;
387 2005 478 2029 nam
504 2000 542 2030 et
563 1992 699 2041 quanti
727 2000 877 2042 patrem
906 1992 990 2038 feci,
1015 1995 1166 2032 †totum
1192 1993 1230 2029 in
1257 1993 1387 2031 huncl·
1411 1991 1540 2040 ipsum
1564 2004 1577 2025 2

208 2070 277 2107 per
321 2071 361 2094 se
399 2071 526 2107 aeque
556 2071 648 2095 amo
678 2065 797 2107 atque
829 2057 936 2095 illum
969 2057 1107 2103 amavi,
1139 2065 1177 2095 te
1205 2070 1296 2095 vero
1330 2056 1541 2106 plurimum

209 2122 275 2171 qui
308 2123 383 2159 hoc
415 2123 465 2159 ab
501 2130 667 2172 utroque
700 2130 875 2160 nostrum
910 2122 990 2160 fieri
1018 2122 1123 2160 velis.
1184 2121 1222 2159 Si
1252 2122 1386 2159 hortos
1416 2121 1542 2171 inspe-

252 2237 272 2264 4
296 2236 395 2265 quam
412 2225 470 2256 del.
493 2226 585 2256 Μαη.
769 2227 789 2256 8
813 2225 913 2264 Quod
931 2226 958 2255 si
979 2225 1006 2256 C
1019 2236 1048 2256 v.
1065 2236 1090 2256 c.
1107 2224 1135 2254 L
1153 2224 1291 2264 (mmg.)
1310 2223 1425 2254 codices
1440 2224 1539 2255 Bosi:

209 2281 275 2301 om.
297 2273 351 2301 ΣΔ
423 2269 542 2309 efficis]
561 2274 593 2299 et
611 2269 750 2299 sicunde
768 2269 920 2300 Schmidt
936 2276 1016 2307 (om.
1038 2269 1138 2307 Quod
1159 2269 1202 2303 Si)
1315 2279 1358 2298 20
1382 2272 1487 2298 totum
1505 2268 1539 2298 in

209 2315 298 2343 hunc
316 2314 372 2353 (sc.
393 2313 566 2353 transtuli)
584 2318 617 2344 et
634 2313 744 2353 ipsum
762 2313 880 2344 Lamb.
903 2325 908 2343 ι
934 2313 1016 2343 tanti
1035 2313 1124 2342 hunc
1142 2317 1175 2342 et
1194 2312 1302 2351 ipsum
1318 2311 1402 2341 Reid
