1742 2651
65 107 134 144 XI.
159 107 235 142 xxi
547 107 603 143 M.
635 106 803 143 TVLLI
835 106 1142 144 CICERONIS

134 227 158 264 3
233 218 354 266 Quod
376 231 439 254 me
467 231 606 255 mones
633 225 675 254 ut
695 231 741 254 ca
761 231 862 265 quae
888 231 1001 264 agam
1027 218 1078 255 ad
1105 225 1260 268 tempus
1284 231 1505 256 accommo-

177 283 279 328 dem,
304 283 483 328 facerem,
507 282 538 319 si
565 295 625 318 res
651 288 848 331 pateretur
871 289 909 319 et
936 281 966 319 si
994 283 1075 319 ullo
1102 284 1224 320 modo
1250 282 1331 320 fieri
1360 290 1501 332 posset.

177 348 255 383 Sed
290 346 329 382 in
361 346 478 384 tantis
507 345 650 383 nostris
679 345 850 395 peccatis
880 346 1078 396 tantisque
1104 354 1326 385 nostrorum
1356 346 1505 384 iniuriis

175 411 272 449 nihil
294 420 351 450 est
372 413 481 461 quod
501 420 568 450 aut
588 413 715 450 facere
731 412 896 461 dignum
916 412 1032 450 nobis
1051 420 1119 451 aut
1139 412 1322 450 simulare
1342 412 1501 462 possim.

175 479 334 515 Sullana
355 479 535 524 confers:
563 477 603 514 in
620 477 763 527 quibus
779 477 913 515 onmia
932 491 1074 527 genere
1095 477 1181 528 ipso
1197 478 1505 528 praeclarissima
1524 491 1541 522 5

174 543 343 582 fuerunt,
364 542 635 581 moderatione
654 544 774 591 paulo
795 542 924 580 minus
945 550 1170 592 temperata.
1232 545 1345 581 Haec
1371 550 1504 581 autem

174 606 257 644 eius
297 607 405 645 modi
445 614 535 644 sunt
567 615 609 644 ut
642 607 850 645 obliviscar
882 609 957 645 mei
985 609 1189 657 multoque
1222 608 1355 646 malim
1395 608 1504 657 quod

174 671 360 709 omnibus
393 671 443 709 sit
471 671 611 709 melius
639 685 756 720 quam
786 686 954 721 quorum
985 672 1193 710 utilitatem
1224 686 1353 710 meam
1383 672 1501 710 iunxi.

173 738 235 773 'l'u
269 738 320 774 ad
353 750 416 774 me
449 745 583 775 tamen
615 736 733 774 velim
767 751 885 786 quam
925 736 1153 786 saepissime
1191 737 1337 775 scribas
1375 751 1503 786 eoque

174 801 294 850 magis
316 803 425 851 quod
445 810 645 851 praeterea
667 815 787 840 nemo
807 801 939 839 scribit
959 816 1016 848 ac,
1040 802 1071 839 si
1092 816 1243 849 omnes‚
1264 810 1349 839 tuas
1370 811 1501 840 tamen
1525 816 1565 838 10

174 867 342 904 maxime
370 875 647 916 exspectarem.
708 868 829 915 Quod
858 866 994 905 scribis
1023 866 1133 904 illum
1163 881 1232 916 per
1261 881 1323 905 me
1352 867 1503 915 Quinto

174 933 254 969 fore
275 931 541 981 placatiorem,
563 931 699 981 scripsi
719 932 770 969 ad
792 939 830 969 te
850 939 965 969 antea
986 945 1077 969 eum
1098 931 1228 970 statim
1251 932 1403 980 Quinto
1423 932 1504 970 filio

173 996 307 1034 onmia
327 996 521 1043 tribuisse,
543 995 666 1035 nostri
687 997 836 1034 nullam
858 995 1111 1035 mentionem.
1172 997 1280 1035 Vale.

216 1159 352 1194 XXII
400 1162 469 1193 Ser.
488 1161 653 1193 Brundisi
667 1163 734 1193 circ.
755 1163 797 1193 K.
820 1163 919 1203 Sept.‚
941 1167 976 1193 nt
991 1162 1125 1202 videtur,
1145 1173 1175 1194 a.
1196 1172 1255 1202 707
1272 1161 1361 1204 (47).

586 1250 761 1281 CICERO
792 1250 965 1280 ATTICO
998 1250 1096 1281 SAL.
1525 1259 1562 1290 15

136 1348 152 1374 1
228 1335 445 1385 Diligenter
486 1334 582 1372 mihi
621 1333 851 1372 fasciculum
898 1333 1069 1372 reddidit
1109 1333 1223 1371 Balbi
1265 1332 1500 1371 tabellarius.

171 1400 319 1450 Accepi
346 1400 451 1438 enim
478 1413 501 1437 a
527 1408 566 1438 te
592 1399 737 1438 litteras
765 1399 909 1448 quibus
934 1398 1076 1436 videris
1096 1398 1218 1436 vereri
1245 1406 1287 1436 ut
1316 1398 1502 1448 epistulas

170 1465 254 1503 illas
292 1465 523 1515 acceperim.
601 1467 711 1514 Quas
754 1464 917 1514 quidem
956 1466 1096 1502 vellem
1142 1463 1239 1501 mihi
1284 1477 1500 1513 numquam

169 1531 367 1579 redditas3
404 1538 595 1569 auxerunt
624 1531 730 1569 enim
760 1530 856 1568 mihi
886 1531 1064 1568 dolorem
1095 1543 1166 1576 mec,
1199 1530 1230 1567 si
1259 1529 1299 1567 in
1329 1530 1500 1579 aliquem

170 1597 410 1643 incidissent,
445 1597 658 1646 quicquam
698 1595 790 1634 novi
827 1595 1059 1633 attulissent.
1132 1595 1240 1643 Quid
1275 1594 1381 1633 enim
1420 1603 1500 1632 tam
1522 1609 1563 1630 20

169 1665 440 1714 pervulgatum
460 1676 579 1712 quam
606 1661 708 1699 illius
730 1661 769 1699 in
791 1675 854 1699 me
880 1661 1018 1699 odium
1039 1668 1077 1699 et
1106 1674 1230 1711 genus
1256 1662 1333 1698 hoc
1362 1659 1501 1698 littera-

170 1731 285 1768 rum?
327 1730 437 1778 quod
475 1742 525 1766 ne
560 1730 705 1767 Caesar
736 1727 898 1777 quidem
932 1729 984 1765 ad
1019 1726 1114 1765 istos
1145 1727 1298 1764 videtur
1336 1725 1498 1771 misisse,

169 1795 281 1845 quasi
320 1795 387 1844 qui
426 1794 527 1831 illius
566 1793 818 1843 improbitate
853 1794 1127 1840 offenderetur,
1161 1793 1242 1838 sed,
1279 1792 1408 1837 credo,
1445 1791 1499 1828 uti

170 1861 323 1898 notiora
343 1868 474 1897 nostra
499 1860 601 1896 mala
627 1867 767 1897 essent.
829 1859 933 1895 Nam
959 1859 1068 1907 quod
1089 1865 1126 1896 te
1146 1857 1267 1896 vereri
1294 1856 1430 1895 scribis
1450 1870 1500 1894 ne

170 1925 222 1963 illi
255 1925 386 1963 obsint
417 1925 532 1974 eique
564 1924 617 1962 rei
649 1938 705 1961 me
735 1925 793 1962 vis
824 1923 986 1971 mederi,
1016 1937 1066 1961 ne
1100 1922 1223 1973 rogari
1258 1922 1417 1972 quidem
1458 1936 1499 1960 se
1520 1937 1558 1967 ²5

217 2041 229 2060 1
257 2041 297 2060 ea
321 2029 420 2069 quae]
449 2040 501 2059 me
527 2039 667 2068 meaque
689 2029 777 2059 Koch
892 2039 988 2067 agam
1017 2027 1094 2058 add.
1120 2027 1241 2057 Klotz:
1276 2026 1392 2065 loquar
1421 2026 1495 2057 add.

174 2074 384 2113 Wesenbmg:
413 2077 486 2112 post
501 2083 541 2103 ea
558 2072 633 2103 add.
654 2074 785 2103 videam
802 2072 842 2103 I:
873 2076 948 2112 post
965 2077 1101 2111 tempus
1117 2071 1192 2101 add.
1213 2071 1499 2101 accommodanda

169 2120 236 2148 sint
254 2117 428 2147 Lelzmamz
445 2117 513 2147 coll.
530 2117 548 2146 i.
571 2127 618 2155 17.
639 2128 688 2153 10,
706 2117 802 2146 Fam.
822 2117 864 2146 ix.
879 2127 909 2154 9.
924 2126 953 2153 3.
975 2116 1041 2145 alia
1167 2125 1182 2153 7
1209 2114 1274 2144 mei
1292 2114 1406 2144 Mam:
1430 2124 1496 2144 om.

170 2160 261 2191 MW
394 2163 414 2191 8
438 2171 535 2200 quam
560 2171 703 2199 quorum
729 2160 865 2190 utilitati
888 2169 997 2189 meam
1021 2159 1115 2188 iunxi
1140 2157 1288 2197 Madvig,
1306 2161 1334 2187 ct
1348 2157 1394 2186 sic
1408 2158 1494 2197 vulg.

171 2205 336 2245 visiquod
348 2215 446 2244 quam
461 2204 597 2235 onu'ttit:
622 2214 764 2243 quorum
783 2204 961 2233 utilitatem
981 2212 1090 2232 meam
1110 2208 1196 2235 (eam
1211 2199 1272 2241 W)
1284 2201 1376 2230 iunxi
1390 2200 1496 2231 codd.:

169 2260 267 2288 quam
284 2249 372 2288 quod
391 2249 441 2287 iis,
457 2249 499 2278 ad
516 2258 659 2286 quorum
682 2247 859 2277 utilitatem
881 2256 934 2275 me
954 2246 1090 2275 adiunxi
1114 2243 1237 2274 Mt'iller
1372 2254 1410 2282 19
1436 2254 1498 2274 nec

168 2292 244 2323 add.
261 2293 355 2322 Man.
493 2301 533 2320 22
557 2291 665 2331 quod]
684 2301 768 2330 quas
784 2290 913 2329 Kayser
1015 2299 1057 2318 ne
1077 2288 1192 2319 ORP:
1218 2297 1280 2317 nec
1297 2292 1325 2317 Δ
1458 2298 1498 2325 23

168 2337 262 2375 quasi
283 2337 340 2375 qui
359 2335 498 2366 M'z'iller:
535 2335 631 2373 quasi
653 2345 720 2373 quo
741 2333 851 2365 codd.:
887 2343 954 2372 quo
971 2332 1106 2362 Ernesti
1232 2341 1273 2369 25
1298 2341 1350 2360 me
1367 2331 1417 2360 vis
1437 2331 1501 2368 (vel

169 2381 279 2415 iubes)
300 2379 374 2409 add.
392 2378 533 2417 Madvig
548 2379 612 2408 coll.
628 2388 678 2408 21.
694 2378 803 2416 3fi11.:
818 2377 897 2415 sort.
920 2376 1046 2406 mederi
1067 2387 1118 2406 me
1136 2375 1260 2405 debere
