1742 2651
52 97 147 134 XII.
171 106 202 132 x
554 97 609 134 M.
642 96 809 133 TVLLI
842 93 1148 134 CICERONIS

152 2193 170 2220 1

226 221 268 256 X
508 225 579 256 Ser.
599 225 746 256 Asturae
762 236 782 256 v
799 225 839 255 K.
861 225 949 255 Sext.
971 235 1001 255 a.
1025 234 1083 264 709
1104 225 1182 266 (45).

596 314 765 345 CICERO
787 312 974 344 ATTICO
997 312 1102 343 SAL.

239 405 345 442 Male
384 418 446 443 me
481 406 638 442 hercule
677 406 727 442 cle
767 405 1018 441 Athamante.
1078 404 1188 439 Tuus
1227 408 1358 439 autem
1398 400 1511 437 dolor

183 469 378 506 humanus
409 469 438 506 is
467 469 627 518 quidem
656 470 725 506 sed
754 482 896 518 magno
924 481 1041 517 opere
1072 467 1346 504 moderandus.
1408 465 1510 502 Con-

183 533 420 571 solationum
444 542 575 572 autem
602 535 747 571 multae
768 534 853 571 viae
880 535 949 571 sed
971 533 1035 570 illa
1062 531 1297 570 rectissima:
1330 530 1510 578 impetret
1531 537 1547 567 5

182 598 279 636 ratio
314 600 421 647 quod
457 598 539 636 dies
579 599 831 648 impetratura
870 606 938 636 est.
1012 596 1152 634 Alexin
1191 609 1282 633 vero
1317 607 1507 639 curemus,

182 663 392 713 imaginem
414 663 580 709 Tironis,
606 677 724 713 quem
745 677 903 713 aegrum
928 664 1099 700 Romam
1124 661 1264 707 remisi,
1288 668 1339 701 et,
1360 659 1389 697 si
1415 658 1510 708 quid

183 729 301 766 habet
318 728 427 767 Collis
450 729 648 778 ἐπιδήμιοι»,
665 730 715 767 ad
734 742 795 766 me
812 742 902 765 cum
920 730 1207 766 †testamento†
1223 726 1508 763 transferamus.

182 795 285 832 Tota
314 796 456 832 domus
489 802 600 833 vacat
635 793 819 844 superior,
853 800 895 831 ut
924 792 1008 831 scis.
1070 793 1163 830 Hoc
1194 798 1288 841 puto
1318 791 1431 828 valde
1460 790 1511 827 ad

183 873 262 898 rem
285 860 487 910 pertinere.
1534 867 1571 888 10

226 1013 293 1048 XI
422 1015 489 1047 Scr.
510 1017 543 1046 z'n
568 1015 753 1047 Tusculano
771 1025 816 1046 m.
835 1015 939 1045 intere.
953 1017 1038 1054 post.
1057 1023 1086 1044 a.
1111 1014 1171 1052 708
1190 1012 1274 1053 (46).

596 1104 769 1135 CICERO
792 1104 823 1133 A
837 1103 976 1134 TTJCO
1000 1101 1106 1133 SAL.

240 1198 346 1234 Male
376 1196 426 1234 de
453 1194 553 1233 Seio.
614 1195 691 1232 Sed
716 1192 849 1231 omnia
875 1193 1046 1229 humana
1074 1191 1290 1230 tolerabilia
1316 1192 1509 1230 ducenda.

186 1262 265 1312 Ipsi
287 1261 391 1299 enim
414 1260 509 1310 quid
537 1273 671 1297 sumus
698 1267 764 1296 aut
792 1271 910 1307 quam
939 1257 1006 1295 diu
1034 1259 1130 1295 haec
1157 1257 1324 1295 curaturi
1349 1259 1513 1295 sumus?

185 1330 242 1365 Ea
259 1327 461 1365 videamus
483 1338 583 1374 quae
604 1326 654 1362 ad
676 1338 748 1362 nos
770 1323 892 1373 magis
913 1323 1122 1373 pertinent,
1137 1337 1209 1361 nec
1226 1332 1356 1361 tamen
1374 1325 1510 1369 multo,
1534 1337 1570 1368 15

183 1394 279 1443 quid
313 1405 474 1442 agamus
508 1392 558 1429 de
598 1398 745 1429 senatu.
807 1392 856 1427 Et
895 1398 937 1426 ut
977 1403 1025 1427 ne
1064 1389 1160 1438 quid
1194 1388 1510 1438 praetermittam,

185 1458 403 1498 Caesonius
430 1458 479 1495 ad
508 1470 570 1494 me
598 1456 743 1493 litteras
774 1454 877 1492 misit
901 1455 1144 1493 Postumiam
1171 1454 1317 1504 Sulpici
1347 1455 1512 1492 domum

183 1527 233 1563 ad
263 1538 303 1562 se
333 1523 496 1562 venisse.
558 1524 619 1560 De
648 1520 813 1570 Pompei
842 1520 978 1569 Magni
1009 1520 1086 1557 filia
1115 1520 1185 1558 tibi
1213 1518 1389 1568 rescripsi
1417 1518 1513 1555 nihil

184 1603 247 1627 me
281 1590 356 1626 hoc
392 1597 567 1638 tempore
602 1587 798 1636 cogitare:
845 1588 1004 1624 alteram
1029 1598 1131 1623 -vero
1170 1585 1274 1622 illam
1314 1597 1432 1633 quam
1472 1591 1513 1620 tu

184 1654 331 1700 scribis,
377 1662 483 1703 puto,
530 1652 659 1691 nosti:
717 1651 813 1689 nihil
856 1651 935 1689 vidi
984 1651 1147 1689 foedius.
1235 1651 1313 1688 Sed
1360 1651 1511 1687 adsum.
1535 1660 1573 1681 20

185 1721 328 1758 Coram
352 1719 475 1769 igitur.

239 1784 456 1833 Obsignata
491 1783 657 1834 epistula
691 1782 825 1832 accepi
862 1790 958 1820 tuas.
1017 1781 1173 1819 Atticae
1208 1780 1439 1819 hilaritatem
1475 1779 1515 1817 li-

184 1850 321 1888 benter
342 1849 471 1887 audio.
533 1847 891 1888 Commotiunculis
913 1849 1135 1898 συμπάσχω.

230 2002 320 2037 XII
497 2004 564 2036 Ser.
585 2005 731 2034 Asturae
746 2005 816 2034 xvii
830 2003 871 2034 K.
892 2003 974 2043 Apr.
996 2013 1025 2033 a.
1048 2013 1106 2042 709
1127 2001 1205 2042 (45).

600 2093 770 2125 CJCERO
793 2093 825 2121 A
838 2092 979 2123 sslco
1001 2091 1107 2122 SAL.
1535 2093 1572 2124 25

244 2186 305 2222 De
327 2185 419 2223 dote
441 2192 550 2222 tanto
572 2183 693 2233 magis
715 2195 915 2232 perpurga.
977 2180 1091 2218 Balbi
1118 2179 1221 2229 regia
1247 2176 1432 2216 condicio
1458 2184 1516 2214 est

188 2249 407 2299 delegandi.
468 2251 643 2299 Quoquo
681 2249 803 2285 modo
841 2247 1004 2284 confice.
1063 2247 1196 2294 Turpe
1234 2251 1291 2281 est
1330 2256 1411 2281 rem
1450 2242 1517 2279 im-

590 2356 609 2384 8
634 2351 856 2392 testamento]
875 2351 1057 2382 Tisameno
1075 2344 1119 2379 Zb
