1742 2651
74 90 183 127 XIV.
203 89 294 126 xvii
594 89 648 125 M.
681 88 849 125 TVLLI
881 87 1188 126 CICERONIS

221 207 308 237 acta
332 213 465 238 verum
496 199 613 237 etiam
643 198 812 248 cogitata
841 211 1078 236 revocamur.
1139 199 1200 235 De
1227 199 1431 243 Montano,
1458 210 1551 248 quo-

222 263 327 301 niam
356 265 533 302 Flamma
559 262 679 309 venit,
702 261 863 300 videbis.
924 264 1026 300 Puto
1052 275 1133 300 rem
1161 261 1320 300 meliore
1349 263 1438 300 loco
1466 275 1551 300 esse

221 329 376 368 debere.

671 410 813 447 A=ad
836 409 924 446 fam.
951 409 1019 446 IX.
1050 422 1106 455 14.

481 496 552 528 Ser.
572 497 606 527 in
623 496 822 537 Pompeiano
839 506 859 526 v
875 494 1056 526 N011.Mai.
1077 506 1106 526 a.
1127 505 1183 534 710
1203 496 1287 536 (44⁸5
1571 496 1589 527 5

431 573 607 605 CICERO
642 572 955 603 DOLABELLAE
987 572 1084 603 COS.
1122 570 1210 603 SVO
1245 572 1340 603 SAL.

186 667 202 694 1
277 652 360 691 Etsi
381 659 590 690 contentus
618 664 734 697 eram,
758 650 811 687 mi
835 650 1051 695 Dolabella,
1075 657 1141 687 tua
1167 649 1287 699 gloria
1313 648 1485 698 satisque
1505 662 1551 686 ex

220 731 265 756 ea
296 731 478 767 magnam
507 716 693 754 laetitiam
719 717 1040 765 voluptatemque
1069 714 1289 764 capiebam,
1308 722 1439 752 tamen
1470 727 1550 751 non

218 796 378 833 possum
412 795 492 820 non
527 781 703 819 confiteri
738 780 926 818 cumulari
962 793 1025 817 me
1060 779 1230 816 maximo
1263 779 1407 828 gaudio
1442 780 1549 828 quod

218 849 333 897 vulgo
367 847 575 885 hominum
610 845 745 895 opinio
775 845 926 883 socium
959 858 1021 882 me
1053 844 1219 882 ascribat
1249 844 1324 881 tuis
1354 843 1546 882 laudibus.
1572 858 1610 879 10

219 912 431 950 Neminem
453 910 621 949 conveni
643 909 854 961 (convenio
873 917 1005 947 autem
1027 909 1172 947 cotidie
1192 908 1392 958 plurimos.
1451 910 1551 946 Sunt

218 977 323 1015 enim
362 976 545 1027 permulti
579 975 717 1025 optimi
752 974 821 1012 viri
856 974 922 1024 qui
955 974 1189 1012 valetudinis
1229 987 1346 1011 causa
1378 973 1417 1010 in
1453 974 1550 1011 haec

218 1043 304 1079 loca
324 1041 510 1087 veniant;
538 1048 737 1090 praeterea
767 1053 813 1077 ex
842 1038 1064 1088 municipiis
1095 1040 1318 1087 frequentes
1343 1037 1550 1076 necessarii

219 1107 314 1157 mei)
335 1106 429 1156 quin
451 1119 603 1153 omnes,
623 1118 713 1143 cum
742 1112 779 1142 te
804 1103 967 1141 summis
995 1103 1177 1141 laudibus
1197 1103 1248 1140 ad
1273 1104 1425 1141 caelum
1447 1109 1551 1140 extu-

217 1173 355 1218 lerunt,
379 1171 474 1208 mihi
495 1170 685 1209 continuo
707 1169 895 1207 maximas
915 1168 1055 1218 gratias
1082 1176 1207 1217 agant.
1269 1169 1424 1217 Negant
1445 1167 1549 1205 enim
1572 1180 1609 1212 15

217 1251 257 1275 se
278 1236 457 1275 dubitare
478 1236 572 1286 quin
595 1243 635 1273 tu
657 1234 753 1272 meis
775 1233 991 1284 praeceptis
1016 1241 1054 1271 et
1081 1232 1253 1270 consiliis
1274 1232 1550 1282 obtemperans

216 1301 594 1352 praestantissimum
611 1308 649 1339 te
669 1299 794 1338 civem
816 1307 854 1337 et
875 1299 1109 1349 singularem
1127 1299 1330 1336 consulem
1348 1298 1547 1347 praebeas.

172 1368 372 1416 2Quibus
412 1381 485 1416 ego
523 1379 764 1416 quamquam
804 1364 1003 1403 verissime
1041 1377 1203 1414 possum
1241 1364 1478 1413 respondere
1512 1371 1550 1402 te

215 1447 316 1483 quae
337 1432 455 1470 facias
483 1441 551 1470 tuo
578 1431 724 1470 iudicio
751 1438 789 1468 et
816 1438 881 1468 tua
908 1438 1048 1479 sponte
1073 1431 1199 1467 facere
1223 1442 1296 1467 nec
1317 1428 1548 1478 cuiusquam

216 1512 328 1549 egere
349 1497 525 1543 consilio,
549 1505 681 1534 tamen
709 1509 838 1545 neque
866 1497 980 1545 plane
1007 1494 1217 1541 adsentior,
1240 1508 1290 1532 ne
1317 1493 1548 1531 imminuam
1571 1508 1610 1529 20

217 1572 324 1602 tuam
354 1564 513 1601 laudem
543 1562 573 1599 si
604 1561 732 1600 omnis
761 1575 784 1598 a
814 1560 911 1598 meis
945 1560 1118 1598 consiliis
1152 1561 1327 1610 profecta
1359 1559 1547 1605 videatur,

218 1643 347 1678 neque
367 1629 481 1666 valde
501 1640 613 1677 nego.
673 1628 767 1664 Sum
792 1625 897 1664 enim
928 1625 1077 1663 avidior
1101 1625 1217 1663 etiam
1239 1638 1358 1674 quam
1379 1624 1470 1662 satis
1491 1632 1550 1662 est

217 1694 372 1744 gloriae.
434 1696 483 1731 Et
503 1700 636 1731 tamen
658 1705 737 1729 non
759 1691 930 1729 alienum
958 1699 1016 1728 est
1037 1690 1226 1740 dignitate
1246 1697 1322 1735 tua,
1347 1691 1454 1739 quod
1475 1689 1547 1739 ipsi

218 1759 507 1810 Agamemnoni
536 1772 669 1808 regum
695 1757 773 1808 regi
801 1757 872 1794 fuit
899 1758 1120 1802 honestum,
1145 1756 1289 1793 habere
1315 1755 1486 1805 aliquem
1508 1755 1547 1792 in

217 1825 389 1863 consiliis
418 1823 620 1874 capiendis
647 1825 866 1870 Nestorem,
898 1822 992 1859 mibi
1018 1835 1110 1859 vero
1136 1821 1347 1871 gloriosum
1378 1828 1415 1858 te
1445 1820 1549 1858 iuve-
1569 1838 1605 1868 25

219 1905 308 1929 nem
339 1891 543 1928 consulem
573 1890 709 1927 florere
739 1887 921 1926 laudibus
946 1886 1057 1937 quasi
1086 1888 1289 1924 alumnum
1318 1884 1547 1934 disciplinae

176 1970 200 2006 3
220 1970 340 1994 meae.
401 1957 443 1993 L.
462 1954 624 2005 quidem
647 1955 801 2000 Caesar,
819 1967 908 1991 cum
931 1954 980 1991 ad
1002 1966 1092 1991 eum
1113 1959 1314 2002 aegrotum
1335 1949 1545 2000 Neapolim

265 2071 277 2090 1
305 2060 451 2100 cogitata
476 2070 674 2090 revocamur
711 2059 786 2091 M²x
828 2059 978 2098 cogitare
1002 2067 1162 2088 vocamur
1194 2056 1247 2087 Ml
1363 2066 1381 2093 4
1405 2054 1545 2085 alterum

220 2104 396 2143 meliusque
410 2105 597 2143 exemplum
618 2104 674 2143 (fl
697 2104 797 2133 lzm'us
817 2108 862 2143 ep.
881 2101 1201 2133 zbzvenituradl-*anu
1217 2101 1258 2131 ix.
1283 2110 1320 2137 14
1436 2109 1472 2128 12
1489 2100 1544 2137 qui

219 2159 282 2178 om.
301 2147 388 2178 codd.
482 2148 566 2178 haec
584 2148 704 2186 locas:
732 2147 784 2177 his
801 2146 883 2177 locis
895 2146 923 2176 C
937 2145 1023 2177 codd.
1040 2157 1068 2176 v.
1081 2157 1103 2176 c.
1198 2154 1234 2182 13
1254 2142 1544 2181 veniant-fistuc-

218 2196 266 2221 lm·
288 2191 328 2220 ΙΙ
354 2192 414 2230 qui
443 2193 647 2222 conveniant
680 2191 786 2229 habet)
805 2203 810 2221 :
851 2190 1057 2220 conveniunt
1085 2189 1112 2219 C
1139 2188 1227 2219 codd.
1252 2198 1281 2218 v.
1308 2198 1330 2216 c.
1348 2197 1354 2216 :
1392 2187 1541 2223 veniant,

217 2236 423 2265 conveniunt
443 2235 617 2265 Lehmann
764 2244 801 2272 14
826 2234 1103 2273 quinf(j>raeter
1118 2231 1165 2262 M.
1187 2242 1236 2270 49,
1254 2232 1288 2269 9Ὗ
1307 2241 1314 2260 z
1338 2230 1394 2268 qui
1412 2228 1500 2260 codd.
1518 2232 1547 2257 ct

217 2277 354 2318 M49.9
479 2288 516 2317 15
541 2279 692 2319 agantf:
717 2283 821 2317 agunt
837 2277 927 2307 codd.
1069 2278 1105 2306 18
1130 2281 1163 2306 te
1178 2276 1207 2314 s
1225 2277 1363 2314 xpraeler
1381 2271 1427 2302 D¹
1446 2284 1453 2304 :
1477 2283 1541 2303 om.

215 2322 301 2354 codd.
435 2332 474 2360 24
501 2322 626 2353 habere
646 2321 714 2362 Os:
733 2325 809 2362 post
826 2320 1006 2351 Nestorem
1023 2318 1180 2350 ERsM²z
1205 2328 1270 2348 om.
1292 2316 1346 2347 Ml
