1742 2651
153 125 239 161 XV.

263 135 293 160 x
618 126 675 163 M.
706 126 875 163 TVLLI
906 125 1212 164 CICERONIS

249 237 436 272 molestus
467 235 547 273 sit?
576 237 691 273 ludos
720 250 813 273 vero
842 249 923 274 non
952 237 1106 274 facere!
1136 236 1233 286 quid
1263 236 1449 274 foedius?
1503 239 1576 275 fru-

248 308 424 337 mentum
456 300 685 349 imponere!
716 314 815 349 (uiuae
843 308 902 338 est
927 300 1003 338 alia
1032 300 1173 339 Dionis
1201 301 1343 350 legatio
1373 310 1439 339 aut
1469 303 1576 351 quod

249 378 391 402 munus
422 365 461 401 in
492 379 532 402 re
561 365 721 414 publica
749 364 975 403 sordidius?
1028 367 1189 403 Prorsus
1222 365 1384 415 quidem
1416 366 1578 404 consilia

248 429 314 466 tali
336 429 374 466 in
404 444 442 467 re
470 444 519 467 ne
540 429 585 466 iis
611 429 773 479 quidem
800 437 883 467 tuta
908 438 999 468 sunt
1020 430 1088 480 qui
1109 432 1230 478 dant3
1262 432 1332 469 sed
1362 430 1510 479 possim
1537 430 1577 468 id

248 496 451 543 neglegere.
486 495 720 544 proficiens3
759 497 898 534 frustra
931 509 1024 533 vero
1058 495 1126 545 qui
1156 495 1381 546 ingrediar?
1439 494 1577 533 Matris
1598 509 1615 540 5

248 559 412 597 consilio
430 573 519 597 cum
535 568 664 598 utatur
678 561 738 598 vel
759 560 877 598 etiam
893 560 1086 610 precibus,
1106 560 1202 610 quid
1216 575 1279 599 me
1297 561 1544 610 interponam
1562 562 1578 598 ?

249 626 326 662 Sed
349 632 479 662 tamen
497 625 680 674 cogitabo
708 639 788 675 quo
814 639 956 675 genere
978 634 1062 663 utar
1082 626 1322 673 litterarum3
1352 639 1443 663 nam
1465 625 1577 663 silere

249 704 328 727 non
347 704 518 739 possum.
570 690 710 728 Statim
732 690 846 740 igitur
866 690 1019 728 mittam
1040 692 1100 729 vel
1122 690 1286 729 Antium
1307 692 1367 729 vel
1389 689 1573 730 Circeios.

289 799 354 832 XI
499 803 569 834 Ser.
591 804 623 833 in
641 803 777 833 Antiati
790 814 820 834 a.
839 803 871 834 d.
894 804 929 834 vi
942 803 990 834 Id.
1011 803 1086 834 Iun.
1107 814 1136 834 α.
1159 814 1216 842 710
1235 803 1322 845 (44).

654 879 825 912 CICERO
856 880 1037 911 ATTICO
1067 879 1174 912 SAL.
1600 891 1638 913 10

300 952 465 989 Antium
505 952 594 990 veni
632 966 665 990 a.
706 954 742 991 d.
785 965 825 990 vl
866 953 974 990 Idus.
1048 954 1171 991 Bruto
1209 953 1404 992 iucundus
1444 962 1576 992 noster

245 1018 449 1055 adventus.
512 1018 668 1056 Deinde
708 1017 840 1056 multis
878 1017 1146 1065 audientibus,
1181 1018 1349 1065 Servilia,
1387 1020 1572 1066 Tertulla,

246 1083 394 1129 Porcia,
431 1097 617 1132 quaerere
656 1083 752 1132 quid
792 1085 971 1133 placeret.
1032 1084 1181 1121 Aderat
1215 1083 1332 1121 etiam
1366 1084 1572 1122 Favonius.

247 1150 331 1196 Ego
353 1150 461 1197 quod
479 1163 585 1186 eram
602 1149 813 1187 meditatus
834 1148 873 1185 in
894 1148 956 1186 via
976 1150 1140 1186 suadere
1157 1156 1198 1186 ut
1215 1156 1386 1186 uteretur
1402 1149 1575 1187 Asiatica

245 1213 448 1251 curatione
478 1214 687 1261 frumenti3
721 1213 817 1251 nihil
847 1227 932 1251 esse
959 1213 1036 1251 iam
1067 1213 1204 1263 reliqui
1234 1215 1342 1263 quod
1372 1227 1575 1263 ageremus
1600 1228 1635 1259 15

246 1278 317 1315 nisi
342 1286 383 1315 ut
404 1280 533 1316 salvus
553 1287 682 1325 esset3
711 1279 751 1316 in
778 1292 826 1316 eo
853 1278 972 1316 etiam
994 1278 1065 1328 ipsi
1088 1278 1140 1316 rei
1162 1279 1343 1327 publicae
1364 1292 1449 1316 esse
1470 1293 1576 1329 prae—

245 1343 400 1381 sidium.
461 1345 593 1392 Quam
628 1344 847 1381 orationem
881 1357 971 1381 cum
1007 1343 1201 1393 ingressus
1240 1357 1377 1390 essem,
1416 1344 1576 1384 Cassius

246 1408 462 1447 intervenit.
524 1411 609 1458 Ego
647 1410 787 1447 eadem
827 1408 891 1447 illa
929 1409 1101 1458 repetivi.
1162 1410 1254 1447 Hoc
1288 1411 1377 1447 loco
1411 1409 1576 1447 sortibus

245 1489 339 1512 sane
369 1475 492 1512 oculis
521 1475 681 1513 Cassius
702 1475 892 1525 (Martem
913 1474 1057 1523 spirare
1077 1473 1244 1524 diceres)
1266 1488 1306 1512 se
1332 1475 1371 1512 in
1403 1475 1574 1513 Siciliam

245 1554 324 1577 non
356 1540 511 1578 iturum.
574 1541 734 1589 ‘Egone
764 1547 805 1577 ut
836 1539 1072 1577 beneficium
1103 1539 1343 1588 accepissem
1375 1549 1575 1578 contume-
1598 1556 1636 1576 20

244 1605 390 1642 liam?'
446 1608 456 1625 ‘
475 1605 583 1653 Quid
615 1618 707 1654 ergo
735 1604 871 1654 agis?⁷
900 1604 1072 1654 inquam.
1134 1606 1186 1642 At
1217 1604 1280 1642 ille
1312 1605 1350 1642 in
1383 1605 1574 1644 Achaiam

244 1685 285 1708 se
311 1671 464 1708 iturum.
527 1669 659 1718 ‘Quid
680 1671 743 1706 tu⁷
768 1669 928 1718 inquam
954 1671 1145 1707 ‘Brute?'
1207 1672 1426 1717 ‘Romam,'
1449 1670 1574 1721 inquit

247 1736 299 1773 ‘si
321 1736 391 1773 tibi
412 1735 589 1773 videtur.'
649 1738 657 1754 ‘
674 1734 775 1772 Mihi
797 1748 888 1772 vero
911 1734 1097 1782 minime3
1127 1743 1212 1772 tuto
1237 1735 1342 1773 enim
1368 1749 1448 1773 non
1477 1735 1575 1773 eris.'

249 1801 412 1849 ‘Quid?
446 1800 476 1837 si
506 1813 663 1849 possem
694 1812 789 1845 esse,
822 1800 1095 1848 placeretneP'
1156 1803 1309 1850 ‘Atque
1340 1809 1381 1838 ut
1411 1799 1575 1838 omnino

246 1880 375 1915 neque
409 1879 515 1903 nunc
550 1879 679 1914 neque
718 1879 764 1902 ex
797 1872 977 1914 praetura
1010 1865 1049 1902 in
1084 1865 1325 1915 provinciam
1365 1865 1462 1912 ires3
1505 1866 1574 1903 sed
1598 1879 1635 1910 25

243 1940 381 1969 auctor
401 1944 480 1967 non
508 1944 595 1967 sum
622 1938 663 1967 ut
688 1938 724 1967 te
753 1929 838 1967 urbi
866 1931 1114 1968 committas.'
1176 1931 1367 1969 Dicebam
1399 1944 1444 1969 ea
1474 1944 1575 1979 quae

245 1996 315 2034 tibi
337 1997 512 2045 profecto
535 1995 572 2032 in
595 2003 769 2033 mentem
790 1995 952 2033 veniunt
980 2010 1048 2034 cur
1068 2010 1148 2034 non
1170 2004 1271 2034 esset
1300 2004 1384 2033 tuto
1411 1997 1571 2033 futurus

249 2063 378 2099 Multo
405 2061 497 2098 inde
524 2074 706 2098 sermone
733 2061 998 2109 querebantur
1024 2068 1142 2110 atque
1170 2061 1209 2098 id
1232 2060 1391 2110 quidem
1416 2060 1574 2098 Cassius

248 2125 424 2171 maxime,
453 2125 616 2162 amissas
646 2125 874 2163 occasiones
906 2125 1198 2176 Decimumque
1227 2125 1391 2175 graviter
1420 2138 1575 2162 accusa-

247 2192 352 2228 bant.
399 2192 484 2240 Ego
505 2191 697 2239 negabam
720 2198 899 2240 oportere
919 2190 1136 2239 praeterita,
1159 2189 1408 2228 adsentiebar
1429 2198 1571 2228 tamen.
1595 2202 1634 2232 30

290 2305 307 2333 5
333 2295 412 2333 quin
431 2291 469 2323 ΖΙ
616 2305 632 2333 7
660 2305 737 2324 nam
755 2295 856 2324 silere
873 2294 920 2324 C:
947 2306 1012 2325 om.
1032 2294 1074 2325 M
1217 2305 1251 2324 11
1280 2293 1358 2324 Idus
1369 2294 1481 2325 Stroth
1498 2306 1505 2325 z
1530 2294 1573 2324 K.

245 2338 294 2367 vel
312 2337 385 2368 Kal.
403 2337 490 2368 codd.
606 2349 647 2368 ρο
671 2337 844 2377 accepisse
862 2338 894 2368 in
914 2338 1150 2368 contumeliam
1163 2331 1207 2366 ΖΙ)
1316 2348 1355 2376 24
1379 2342 1452 2377 post
1466 2337 1574 2377 place-

246 2386 342 2410 retne
360 2381 435 2412 add.
456 2382 605 2420 placeret
627 2381 815 2421 [Vesenberg
916 2392 958 2420 29
982 2382 1182 2412 accusabant
1197 2375 1251 2411 ΖΜ
1269 2391 1298 2412 v.
1317 2392 1339 2410 c.
1358 2381 1386 2411 L
1407 2382 1548 2422 (mmg.)
1566 2392 1572 2411 :

244 2425 422 2455 accusabat
440 2424 526 2455 codd.
