1742 2651
598 124 707 160 EPP.
741 124 818 160 AD
851 124 1110 162 ATTICVM
1417 126 1528 162 XIV.
1550 124 1596 161 iii

238 252 311 288 III
467 255 536 286 Ser.
557 256 589 286 in
611 255 797 287 Tusculano
814 267 833 287 v
849 256 898 288 Id.
917 256 1001 297 Apr.
1021 268 1050 287 a.
1074 266 1131 296 710
1151 256 1238 297 (44).

605 346 780 376 CICERO
811 346 985 377 ATTICO
1018 345 1115 377 SAL.

248 433 500 484 Tranquillae
522 442 610 472 tuae
632 434 793 483 quidem
816 435 975 472 litterae.
1037 435 1159 483 Quod
1181 434 1331 472 utinam
1354 435 1500 474 diutius
1521 439 1527 474 1
1549 448 1565 474 1

194 514 285 537 nam
318 499 466 537 Matius
487 512 602 549 posse
624 500 802 549 negabat.
866 501 970 537 Ecce
1000 508 1133 537 autem
1166 508 1374 538 structores
1405 501 1528 539 nostri

156 576 172 607 5
193 566 243 602 ad
283 566 523 602 frumentum
564 564 738 614 profecti,
777 578 867 602 cum
907 564 1043 602 inanes
1083 564 1287 612 redissent,
1329 579 1526 604 rumorem

192 630 373 667 adferunt
395 642 581 677 magnum
605 630 758 667 Romae
783 630 947 667 domum
969 630 1019 667 ad
1040 629 1263 667 Antonium
1285 631 1525 668 frumentum

193 708 312 732 omne
333 693 487 744 portari.
546 695 710 732 Πανικὸν
730 702 859 741 certe3
888 693 1108 744 scripsisses
1130 694 1248 733 enim.
1300 696 1525 734 Corumbus

194 758 308 796 Balbi
335 759 464 796 nullus
491 760 646 797 adhuc:
682 766 739 797 est
766 758 863 796 mihi
893 767 1030 797 notum
1062 773 1234 807 nomen3
1269 761 1394 798 bellus
1419 760 1524 799 enim

193 837 278 862 esse
299 823 441 862 dicitur
460 824 707 862 architectus.

137 904 176 926 10
248 889 312 927 Ad
347 888 638 938 obsignandum
674 897 715 927 tu
753 888 953 927 adhibitus
988 903 1069 927 non
1101 889 1184 928 sine
1217 904 1334 928 causa
1368 891 1520 929 videris.
1543 900 1566 927 2

192 955 343 991 Volunt
364 953 469 991 enim
491 967 563 991 nos
584 954 636 991 ita
657 962 818 1004 putare3
846 954 980 992 nescio
1007 968 1076 992 cur
1102 969 1182 993 non
1209 955 1343 994 animo
1364 969 1525 1006 quoque

192 1018 373 1057 sentiant.
433 1020 511 1056 Sed
537 1018 632 1068 quid
654 1020 750 1057 haec
771 1020 822 1057 ad
843 1021 948 1057 nos?
1004 1020 1181 1058 Odorare
1212 1028 1343 1058 tamen
1374 1021 1524 1059 Antoni

192 1085 380 1131 διάθεσιν;
410 1097 529 1134 quem
557 1083 719 1133 quidem
741 1098 814 1134 ego
835 1086 1037 1134 epularum
1068 1085 1190 1135 magis
1220 1085 1384 1124 arbitror
1413 1086 1525 1125 ratio-

192 1163 283 1188 nem
305 1150 451 1187 habere
473 1163 591 1199 quam
614 1149 827 1199 quicquam
850 1149 940 1187 mali
962 1149 1143 1200 cogitare.

135 1228 170 1259 15
245 1216 308 1252 Tu
330 1215 359 1252 si
383 1214 478 1264 quid
499 1216 755 1266 πραγματικὸν
775 1215 898 1253 habes
918 1215 1114 1263 rescribe3
1142 1215 1202 1253 sin
1224 1215 1364 1263 minus,
1388 1216 1524 1267 populi

192 1281 447 1330 ἐπισημασίαν
467 1288 505 1319 et
526 1280 736 1319 mimorum
753 1280 859 1319 dicta
875 1280 1116 1331 perscribito.
1169 1281 1289 1320 Piliae
1311 1289 1348 1320 et
1370 1282 1524 1323 Atticae

191 1347 368 1384 salutem.

234 1499 299 1534 IV
512 1501 582 1532 Ser.
595 1499 736 1531 Lanuvi
749 1501 780 1531 iv
795 1500 844 1532 Id.
865 1500 949 1540 Apr.
970 1511 999 1531 a.
1021 1510 1079 1539 710
1098 1500 1186 1540 (44).

605 1590 778 1621 CICERO
811 1590 982 1621 ATTICO
1016 1590 1114 1621 SAL.

133 1695 173 1717 20
247 1681 454 1731 Numquid
484 1688 597 1731 putas
632 1694 696 1718 me
731 1678 914 1717 Lanuvi?
969 1681 1029 1716 Ac
1068 1693 1141 1729 ego
1181 1686 1217 1717 te
1257 1679 1342 1718 istic
1377 1679 1558 1718 cotidiel

190 1747 340 1797 aliquid
368 1746 459 1785 novi
481 1746 666 1796 suspicor.
738 1747 913 1782 Tument
943 1744 1110 1794 negotia.
1182 1746 1285 1782 Nam
1316 1759 1407 1783 cum
1439 1747 1523 1784 Ma-

190 1812 278 1859 tius,
294 1812 390 1862 quid
411 1825 548 1850 censes
569 1818 719 1849 ceteros
733 1811 750 1846 ?
808 1808 1006 1859 Equidem
1028 1810 1156 1855 doleo,
1173 1811 1281 1859 quod
1302 1824 1521 1860 numquam

190 1877 229 1915 in
251 1879 329 1915 ulla
349 1877 504 1915 civitate
525 1875 667 1914 accidit
695 1888 776 1912 non
804 1888 882 1911 una
902 1888 992 1912 cum
1018 1874 1197 1913 libertate
1218 1889 1298 1913 rem
1319 1876 1521 1925 publicam

190 1943 455 1992 reciperatam.
530 1940 732 1979 Horribile
770 1947 828 1977 est
867 1953 968 1988 quae
1008 1941 1229 1989 loquantur,
1270 1955 1371 1991 quae
1410 1942 1521 1981 mini·

132 2022 169 2054 25
191 2015 330 2046 tentur.
391 2010 450 2045 Ac
479 2020 613 2045 vereor
653 2004 803 2043 Gallica
840 2003 959 2042 etiam
993 2004 1108 2051 bella,
1143 2005 1225 2055 ipse
1264 2007 1403 2044 Sextus
1438 2021 1519 2057 quo

189 2075 338 2112 evadat.
399 2074 477 2111 Sed
507 2071 640 2110 omnia
669 2070 758 2108 licet
788 2077 1033 2116 concurrant,
1057 2071 1153 2108 Idus
1186 2071 1352 2110 Martiae
1381 2085 1518 2111 conso·
1537 2085 1562 2112 2

188 2139 326 2188 lantur.
387 2137 521 2176 Nostri
550 2144 682 2174 autem
712 2136 834 2184 ἥρωες,
857 2136 966 2184 quod
993 2149 1062 2185 per
1085 2135 1191 2185 ipsos
1213 2137 1356 2175 confici
1377 2137 1515 2187 potuit,

231 2243 251 2271 8
276 2247 327 2272 est
349 2241 556 2281 [Vesenbetgt
582 2244 615 2270 et
632 2238 720 2269 codd.
739 2250 746 2269 ε
771 2238 834 2268 etsi
851 2238 970 2269 Klots:
1010 2239 1069 2269 sed
1087 2238 1218 2269 Ernesti
1349 2250 1386 2280 15
1412 2241 1518 2272 habes

188 2286 338 2316 rescribe
355 2283 399 2314 Z‘
417 2286 518 2315 Rom.
537 2296 544 2314 ε
590 2283 714 2313 habere
732 2283 890 2312 scribises
913 2281 963 2311 M¹
984 2293 991 2312 z
1016 2282 1139 2313 habere
1156 2283 1266 2314 scribe
1284 2283 1341 2313 Μ2
1358 2296 1365 2315 :
1390 2284 1517 2315 habere

187 2329 316 2359 scribes
335 2329 397 2359 cod.
416 2329 631 2359 Faumzmns:
664 2326 769 2356 habes
784 2326 915 2356 scribes
936 2325 1022 2363 vulg.
1122 2337 1165 2357 20
1190 2327 1361 2366 Numquid
1379 2328 1516 2367 quidam

187 2372 280 2409 apud
308 2372 541 2402 Lambinunz:
581 2370 678 2401 Nunc
709 2369 790 2408 quid
821 2369 910 2400 codd.
939 2369 1025 2409 vulg.
1197 2381 1237 2409 27
1264 2381 1325 2410 per
1355 2381 1392 2401 se
1424 2371 1516 2411 ipsos

186 2415 378 2446 EO2RM²s
