1742 2651
126 815 163 836 10

123 1531 164 1553 20

596 108 707 143 EPP.
740 107 817 142 AI)
848 105 1107 144 ATTICVM
1409 104 1495 140 XV.
1517 110 1580 138 xv

183 226 384 268 receptum
419 225 487 264 est,
520 217 559 256 id
591 231 663 267 ego
694 219 744 255 ad
777 217 873 255 illud
903 218 1038 254 fanum
1071 216 1285 267 sepositum
1316 216 1513 266 putabam.

183 284 261 321 Sed
293 284 390 320 haec
420 282 557 320 Tironi
590 282 773 320 mandavi
802 295 920 331 quem
953 282 1005 320 ob
1036 295 1123 320 eam
1154 295 1312 319 causam
1345 283 1515 319 Romam

183 347 296 389 misi:
345 356 382 385 te
422 347 529 385 nolui
569 347 803 397 impeditum
839 346 1039 396 impedire.
1099 346 1239 385 Cicero
1275 353 1406 384 noster
1437 354 1562 395 quo4

183 412 398 450 modestior
427 419 485 450 est
512 425 560 450 eo
590 426 652 449 me
684 411 805 461 magis
836 419 1070 449 commovet.
1145 412 1209 449 Ad
1240 424 1302 449 me
1332 410 1437 449 enim
1467 412 1517 449 de

183 479 256 515 hac
278 491 316 515 re
337 476 434 514 nihil
461 476 614 526 scripsit
644 477 695 514 ad
723 490 841 526 quem
870 476 1055 514 nimirum
1086 476 1334 527 potissimum
1357 474 1518 523 debuit3

183 541 335 591 scripsit
364 543 440 579 hoc
469 549 602 579 autem
632 543 682 579 ad
713 541 915 588 Tironem,
946 541 1019 579 sibi
1052 549 1141 591 post
1172 541 1340 579 Kalend.
1373 539 1517 590 Aprilis

182 606 254 657 (sic
276 606 381 644 enim
409 620 587 644 annuum
617 614 772 656 tempus
802 606 962 656 confici)
984 606 1081 644 nihil
1110 608 1246 645 datum
1271 619 1366 644 esse.
1425 605 1518 643 Tibi

183 686 252 722 pro
274 680 340 709 tua
361 680 499 709 natura
519 685 673 722 semper
694 671 886 721 placuisse
908 679 1025 721 teque
1052 671 1293 709 existimasse
1314 671 1379 711 †id
1400 670 1517 708 etiam

182 738 233 775 ad
254 737 485 787 dignitatem
508 751 636 775 meam
661 737 854 787 pertinere
878 751 969 775 eum
997 750 1077 774 non
1099 738 1219 775 modo
1240 735 1518 786 perliberaliter

183 815 206 838 a
239 802 354 839 nobis
394 803 463 840 sed
497 801 614 839 etiam
650 810 785 839 ornate
819 803 1096 851 cumulateque
1131 801 1294 839 tractari.
1354 803 1444 850 Qua
1477 815 1517 839 re

183 867 298 905 velim
320 880 430 904 cures
452 867 541 915 (nec
563 866 633 904 tibi
654 880 780 904 essem
802 867 1000 912 molestus,
1025 866 1055 904 si
1080 880 1148 916 per
1167 866 1287 904 alium
1308 867 1384 904 hoc
1404 880 1518 915 agere

183 932 357 981 possem)
379 939 421 968 ut
450 939 693 981 permutetur
720 932 896 969 Athenas
925 932 1033 981 quod
1064 931 1111 969 sit
1141 931 1180 968 in
1209 944 1386 968 annuum
1416 945 1517 968 sum-

183 1004 293 1046 ptum
316 995 361 1033 ei.
413 995 569 1034 Scilicet
592 997 690 1033 Eros
711 995 944 1033 numerabit.
999 995 1094 1033 Eius
1114 995 1169 1033 rei
1190 1009 1308 1033 causa
1327 995 1514 1033 Tironem

184 1061 282 1099 misi.
343 1060 509 1100 Curabis
537 1060 651 1110 igitur
675 1068 712 1098 et
741 1061 792 1098 ad
823 1074 885 1098 me
915 1059 946 1098 si
971 1060 1066 1110 quid
1092 1059 1162 1098 tibi
1183 1061 1234 1098 de
1254 1073 1302 1098 eo
1322 1059 1518 1098 videbitur

185 1127 342 1165 scribes.

227 1232 337 1266 XVI
427 1235 498 1266 Ser.
519 1236 555 1266 itt
569 1235 709 1266 Antiati
721 1236 757 1266 ι’ίί
769 1240 828 1266 aul
839 1235 926 1277 prid.
945 1236 993 1267 Idi
1012 1236 1086 1268 Ilm.
1105 1247 1134 1267 a.
1158 1246 1214 1275 710
1233 1235 1320 1276 (44).

593 1314 765 1344 CICERO
796 1314 977 1344 ATTICO
1008 1313 1116 1345 SAL.

235 1387 417 1424 Tandem
455 1399 479 1423 a
509 1385 702 1424 Cicerone
740 1385 963 1423 tabellarius
999 1393 1036 1423 et
1076 1399 1138 1423 me
1173 1387 1329 1423 hercule
1369 1384 1517 1423 litterae

181 1453 437 1500 πεπινωμένως
466 1450 642 1500 scriptae,
674 1452 783 1500 quod
818 1451 946 1500 ipsum
978 1452 1170 1500 προκοπὴν
1198 1451 1370 1501 aliquam
1405 1450 1517 1500 signi-

184 1518 284 1563 ficat,
318 1515 492 1565 itemque
526 1515 644 1553 ceteri
678 1517 875 1565 praeclara
908 1515 1108 1563 scribunt3
1153 1516 1349 1554 Leonides
1385 1524 1516 1553 tamen

182 1581 322 1619 retinet
346 1594 461 1618 suum
491 1579 587 1618 illud
612 1581 788 1627 ‘adhuc,’
809 1580 972 1618 summis
993 1594 1084 1618 vero
1114 1581 1296 1619 laudibus
1319 1581 1514 1618 Herodes.

184 1645 292 1694 Quid
327 1645 513 1695 quaeris?
556 1646 617 1683 vel
651 1646 769 1683 verba
804 1645 899 1682 mihi
938 1645 1021 1683 dari
1061 1645 1172 1683 facile
1206 1645 1332 1695 patior
1366 1645 1405 1682 in
1440 1646 1517 1683 hoc

182 1725 325 1760 meque
352 1710 518 1748 libenter
544 1711 715 1760 praebeo
742 1712 957 1748 credulum.
1017 1712 1079 1748 Tu
1105 1711 1232 1757 velim,
1260 1710 1290 1748 si
1321 1710 1416 1760 quid
1447 1710 1516 1748 tibi

181 1783 239 1814 est
268 1790 291 1813 a
311 1775 435 1815 Statio
465 1775 651 1826 scriptum
683 1777 790 1825 quod
821 1775 1011 1826 pertineat
1040 1777 1090 1814 ad
1121 1790 1195 1823 me,
1218 1776 1422 1814 certiorem
1453 1790 1516 1815 me

181 1840 309 1878 facias.

223 1947 333 1981 XVI
352 1961 373 1980 a
418 1950 488 1981 Ser.
508 1950 540 1980 ιἰι
559 1949 720 1990 Αιρὡιαίί
733 1950 787 1980 ‚riv
804 1954 863 1979 att!
877 1950 937 1979 ‚1'1'1'2'
951 1951 994 1982 K.
1009 1950 1084 1982 Ilm.
1104 1961 1135 1981 a.
1156 1960 1212 1989 710
1233 1950 1317 1989 (44).

583 2027 752 2058 CICERO
784 2006 1103 2060 ⁴11TTJCO'SAL.

235 2103 360 2139 Narro
395 2100 479 2147 tibi,
512 2101 608 2137 haec
643 2101 729 2137 loca
761 2108 924 2137 venusta
959 2108 1059 2146 sunt,
1094 2100 1228 2138 abdita
1261 2109 1365 2139 certe
1400 2108 1447 2147 et,
1483 2100 1514 2139 si

180 2166 275 2215 quid
315 2165 483 2203 scribere
521 2165 628 2211 velis,
667 2165 716 2202 ab
755 2165 906 2203 arbitris
942 2165 1072 2203 libera.
1143 2167 1220 2204 Sed
1260 2166 1393 2204 nescio
1433 2180 1513 2216 quo

227 2279 242 2306 7
268 2273 342 2298 ante
358 2268 415 2298 tibi
434 2267 510 2298 add.
531 2267 607 2297 Scio
626 2267 739 2296 Baster
920 2268 939 2296 8
959 2271 1035 2307 post
1051 2268 1264 2299 existimasse
1282 2269 1421 2300 addend.
1443 2270 1512 2299 scio

181 2313 259 2341 coni.
277 2312 361 2341 Eoo!
471 2322 491 2349 9
512 2315 586 2350 post
604 2312 775 2349 pertinere
793 2310 868 2341 add.
885 2311 1044 2350 perspexi
1058 2312 1122 2352 (vel
1133 2313 1317 2353 perspicio)
1337 2312 1512 2343 Lelzmann

181 2355 429 2393 perliberaliter
456 2351 571 2383 Z'M2:
607 2354 766 2393 peraliter
786 2353 838 2383 Ml
1019 2365 1055 2393 13
1082 2355 1123 2385 ei.
1177 2355 1313 2386 Scilicet
1336 2355 1448 2386 Cant:
1480 2362 1513 2387 et

180 2399 289 2429 silicet
307 2397 363 2429 M:
390 2398 463 2428 Tibi
483 2398 611 2428 scilicet
628 2397 770 2429 Sclzt'ils:
796 2398 863 2429 secl.
882 2398 980 2427 Klolz
