1742 2651
566 117 678 153 EPP.
711 117 788 153 AD
819 116 892 152 AT
895 115 1029 154 TICV
1035 116 1077 152 M
1446 115 1492 150 X.
1515 112 1592 149 viii

149 227 371 265 tarditatem
420 225 550 264 incidi.
629 227 707 264 Sed
745 227 941 275 adsequor
979 224 1112 263 onmia
1157 224 1188 262 si
1230 237 1407 274 propero,
1450 223 1480 261 si

149 299 313 330 cunctor
342 291 488 329 amitto.
551 293 600 328 Et
630 298 773 337 tamen,
798 289 849 327 mi
872 289 1013 336 Attice,
1039 289 1200 338 auguria
1229 302 1389 339 quoque
1418 302 1481 326 me
1501 291 1528 328 6

149 355 312 394 incitant
333 356 504 405 quadam
532 368 601 405 Spe
630 368 710 392 non
735 354 857 392 dubia
886 368 959 392 nec
986 355 1083 392 haec
1113 353 1252 403 collegi
1282 353 1402 391 nostri
1430 353 1481 391 ab

150 423 246 459 Atto
267 422 336 458 sed
357 421 421 458 illa
442 420 616 458 Platonis
637 421 687 458 de
708 419 890 468 tyrannis.
951 420 1073 456 Nullo
1098 418 1203 457 enim
1225 419 1345 456 modo
1366 431 1482 467 posse

113 503 130 533 5
150 486 266 524 video
287 494 387 523 stare
408 486 525 523 istum
543 485 688 523 diutius
705 485 799 534 quin
822 484 904 534 ipse
926 497 993 534 per
1014 498 1055 522 se
1071 484 1187 522 etiam
1205 483 1482 533 languentibus

150 550 265 589 nobis
295 550 489 597 concidat,
519 550 665 599 quippe
696 549 762 599 qui
794 548 1090 587 florentissimus
1120 562 1166 587 ac
1196 562 1320 586 novus
1348 561 1401 595 vl,
1424 560 1481 585 vu

150 615 290 654 diebus
330 615 403 665 ipsi
442 615 494 653 illi
534 615 662 665 egenti
700 628 746 652 ac
784 614 960 664 perditae
995 614 1237 652 multitudini
1272 614 1311 651 in
1346 613 1481 652 odium

149 680 445 718 acerbissimum
471 680 628 726 venerit,
653 679 720 729 qui
745 680 909 717 duarum
932 694 1058 717 rerum
1084 678 1375 717 simulationem
1403 686 1482 716 tam

151 745 230 783 cito
276 745 458 792 amiserit,
508 744 819 783 mansuetudinis
867 744 906 782 in
948 746 1123 791 Metello,
1173 744 1394 782 divitiarum
1444 743 1482 781 in

94 826 133 847 10
150 810 308 848 aerario.
371 812 454 848 Iam
477 810 620 860 quibus
641 817 771 848 utatur
790 812 850 848 vel
872 810 986 848 sociis
1008 812 1068 848 vel
1096 810 1313 848 ministris?
1350 809 1374 847 ii
1401 823 1484 859 pro-

150 875 309 922 vincias,
332 874 357 912 ii
382 889 462 913 rem
491 875 688 925 publicam
721 882 853 925 regent
875 888 1042 924 quorum
1074 888 1191 913 nemo
1219 876 1298 913 duo
1329 888 1483 912 menses

150 940 277 991 potuit
298 940 577 989 patrimonium
599 954 711 977 suum
732 941 982 989 gubernare?

206 1008 298 1043 Non
320 1013 410 1043 sunt
431 1005 564 1043 omnia
585 1005 819 1056 conligenda
840 1019 941 1055 quae
966 1013 1005 1043 tu
1036 1006 1261 1044 acutissime
1283 1005 1480 1056 perspici&
1503 1010 1525 1048 7

151 1072 221 1110 sed
243 1079 374 1109 tamen
402 1085 447 1109 ea
474 1085 578 1120 pone
606 1079 696 1109 ante
726 1073 889 1117 oculos3
919 1071 993 1109 iam
1026 1071 1226 1121 intelleges
1256 1071 1297 1109 id
1321 1085 1482 1121 regnum

95 1150 129 1181 15
151 1137 212 1175 vix
251 1145 466 1175 semenstre
497 1151 582 1175 esse
612 1151 738 1187 posse.
799 1138 919 1186 Quod
960 1137 989 1174 si
1025 1151 1088 1175 me
1127 1137 1314 1184 fefellerit,
1350 1138 1481 1183 feram,

151 1202 251 1240 sicut
273 1201 384 1239 multi
405 1201 607 1240 clarissimi
628 1201 809 1240 homines
830 1201 869 1238 in
891 1215 930 1239 re
957 1201 1115 1251 publica
1136 1203 1370 1240 excellentes
1392 1203 1485 1239 tule-

152 1274 251 1313 runt,
275 1266 348 1304 nisi
369 1268 467 1305 forte
489 1280 551 1304 me
573 1266 838 1316 Sardanapalli
863 1266 988 1304 vicem
1018 1264 1075 1318 [in
1104 1280 1176 1304 suo
1202 1265 1364 1318 lectulo]
1387 1266 1484 1304 mori

153 1334 267 1370 malle
297 1331 494 1370 censueris
526 1345 644 1381 quam
674 1333 714 1369 in
747 1331 882 1369 exsilio
912 1331 1218 1370 Themistocleo.
1280 1331 1359 1380 Qui
1395 1346 1484 1370 cum

154 1397 298 1444 fuisset,
330 1404 372 1434 ut
411 1397 464 1435 ait
490 1396 756 1446 Thucydides,
787 1401 858 1435 τῶν
891 1399 959 1447 μὲν
987 1398 1176 1447 παρόντων
1205 1397 1251 1435 δι’
1286 1398 1487 1448 ἐλαχίστης

94 1481 133 1501 20
151 1464 297 1512 βουλῆς
332 1464 526 1513 κράτιστος
556 1463 708 1514 ’γνώμων
736 1465 808 1500 τῶν
837 1463 875 1500 δὲ
903 1464 1118 1512 μελλόντων
1147 1466 1181 1503 ἐς
1214 1466 1395 1501 πλεῖστον
1422 1466 1486 1501 τοῦ

152 1531 401 1581 γενησομένου
436 1530 585 1579 ἄριστος
624 1529 805 1578 εἰκαστής,
842 1535 974 1565 tamen
1013 1527 1150 1566 incidit
1189 1527 1228 1565 in
1268 1541 1335 1566 eos
1373 1542 1486 1566 casus

152 1608 251 1644 quos
282 1594 439 1632 vitasset
474 1594 504 1631 si
526 1607 616 1631 eum
651 1593 748 1630 nihil
780 1592 988 1631 fefellisset.
1050 1592 1133 1630 Etsi
1168 1592 1199 1630 is
1233 1600 1323 1639 erat,
1358 1601 1400 1630 ut
1432 1593 1486 1631 ait

151 1659 269 1706 idem,
301 1659 368 1709 qui
402 1661 443 1697 τὸ
480 1661 627 1709 ἄμεινον
662 1660 720 1697 καὶ
752 1661 794 1697 τὸ
828 1662 952 1710 χεῖρον
986 1662 1023 1696 ἐν
1055 1662 1106 1710 τῷ
1138 1661 1274 1707 ἀφανεῖ
1309 1659 1360 1696 ἔτι
1394 1660 1487 1709 ἑώρα

150 1724 331 1774 μάλιστα,
351 1733 483 1763 tamen
512 1738 591 1762 non
613 1724 710 1763 vidit
731 1738 804 1763 nec
829 1737 908 1774 quo
936 1725 1057 1762 modo
1079 1723 1485 1762 Lacedaemoniorum

95 1803 132 1835 25
152 1804 225 1829 nec
246 1803 326 1840 quo
353 1790 474 1827 modo
502 1803 661 1827 suorum
690 1789 833 1828 civium
865 1788 1052 1827 invidiam
1083 1790 1268 1838 effugeret
1296 1802 1368 1827 nec
1390 1789 1485 1838 quid

151 1855 351 1893 Artaxerxi
391 1854 647 1904 polliceretur.
708 1856 801 1893 Non
840 1855 975 1894 fuisset
1014 1854 1078 1892 illa
1116 1867 1193 1892 nox
1231 1862 1310 1891 tarn
1344 1855 1485 1893 acerba

152 1919 337 1958 Africano
375 1919 663 1969 sapientissimo
701 1919 793 1967 viro,
826 1934 906 1958 non
938 1927 1016 1958 tam
1052 1919 1157 1958 dirus
1192 1919 1255 1957 ille
1289 1919 1372 1957 dies
1404 1922 1485 1957 Sul-

151 1987 262 2023 lanus
292 1984 545 2022 callidissimo
574 1984 655 2022 viro
686 1986 729 2024 C.
755 1985 894 2031 Mario,
922 1985 952 2023 si
983 1985 1078 2023 nihil
1109 1992 1318 2034 utrumque
1348 1997 1482 2023 eorum

200 2098 211 2117 ῑ
240 2088 410 2127 adsequor
426 2088 546 2117 Rosius
561 2099 567 2118 z
600 2099 763 2127 assequar
779 2089 866 2120 codd.
1025 2101 1044 2128 3
1070 2092 1211 2129 quadam
1229 2091 1304 2121 Ms:
1338 2092 1481 2130 quedam

155 2131 255 2162 ORP
383 2143 402 2170 4
426 2131 509 2161 Atto
529 2131 651 2162 Orelli:
685 2132 801 2163 Attico
819 2133 907 2163 codd.
1054 2136 1075 2163 6
1098 2144 1142 2164 V1.
1159 2145 1208 2164 vu
1226 2133 1318 2165 Man.
1338 2147 1343 2164 :
1381 2139 1417 2165 ut
1435 2135 1481 2165 uti

153 2174 240 2205 codd.
395 2185 433 2205 10
458 2180 572 2205 utetur
588 2175 715 2214 Kayser
813 2177 833 2206 ii
853 2201 859 2207 .
875 2201 881 2208 .
897 2201 903 2207 .
921 2177 941 2206 ii
960 2176 1100 2217 Alsadvig
1116 2178 1291 2208 Lehmann
1308 2191 1314 2209 z
1339 2179 1365 2208 si
1384 2203 1390 2209 .
1405 2201 1413 2209 .
1429 2203 1436 2209 .
1455 2179 1482 2208 si

155 2217 297 2249 M10P:
322 2219 348 2248 si
368 2219 389 2248 ii
408 2243 415 2249 .
432 2243 439 2249 .
455 2242 461 2249 .
479 2219 505 2248 si
523 2219 545 2248 ii
563 2218 635 2248 M2s
650 2220 738 2259 vulg.
870 2231 906 2258 17
933 2220 1062 2259 aliquid
1074 2221 1306 2262 e.rc7'd1‘ssep0sl
1321 2233 1374 2252 me
1386 2225 1484 2262 putat

154 2261 331 2292 Lehmann
347 2263 434 2292 velut
449 2263 471 2292 ii
489 2263 671 2292 movebunt
689 2264 745 2302 qui
766 2264 875 2294 virum
902 2264 1032 2304 fortem,
1049 2267 1121 2294 lum
1146 2266 1244 2304 legere
1262 2267 1382 2305 poteris
1405 2276 1482 2296 cen-

155 2310 296 2335 suerunt
409 2306 440 2336 in
468 2316 528 2336 suo
554 2306 677 2336 lectulo
701 2306 760 2337 del.
778 2307 972 2347 Nipperdey:
1007 2308 1040 2337 in
1069 2319 1145 2339 meo
1170 2308 1293 2340 lectulo
1319 2309 1485 2340 Corradus

159 2350 196 2378 18
221 2350 396 2379 censueris
427 2349 479 2379 P:
519 2355 725 2380 censuerunt
752 2351 895 2381 ORMs:
934 2352 1129 2382 censuerint
1147 2346 1194 2381 Zb
1342 2354 1373 2382 in
1407 2352 1483 2384 add.

161 2392 348 2433 llhsenbeig
531 2403 572 2430 23
596 2393 689 2434 ἑώρα]
708 2394 848 2434 προεώρα
867 2394 897 2424 Ο
920 2394 1117 2434 lencydz'des
1134 2396 1152 2426 i.
1174 2396 1243 2434 138,
1260 2396 1315 2426 scd
1332 2396 1362 2426 O
1379 2399 1484 2427 totum

155 2435 261 2466 locum
279 2447 318 2466 ex
333 2439 418 2466 textu
443 2436 638 2476 Tlmcydsdzs
655 2437 784 2476 refinxit
