1742 2651
123 119 192 155 XI.
216 118 277 154 xii
594 121 650 156 M.
682 120 850 156 TVLLI
882 119 1189 158 CICERONIS

233 238 394 278 ceteros,
429 231 459 269 si
493 231 588 281 quid
623 231 819 270 videbitur
853 229 922 268 tibi
958 244 1058 280 opus
1093 245 1189 277 esse,
1221 230 1337 269 velim
1373 230 1490 269 facias
1523 230 1564 270 id

233 297 341 345 quod
363 310 478 346 saepe
500 296 634 335 fecisti.
696 295 804 333 Nihil
826 294 931 333 enim
956 294 1053 332 mihi
1073 295 1179 333 venit
1200 295 1239 333 in
1262 303 1434 334 mentem
1456 297 1565 346 quod

233 361 485 400 scribendum
503 368 649 411 putem.
702 361 823 408 Quod
845 374 908 398 me
927 360 1041 398 audis
1062 359 1291 399 erectiorem
1312 374 1397 399 esse
1417 360 1562 407 animo,

232 427 327 477 quid
350 435 462 477 putas
487 441 577 465 curn
598 427 732 465 videas
756 426 968 464 accessisse
992 427 1043 464 ad
1064 426 1282 476 superiores
1303 426 1565 476 aegritudines

232 494 447 541 praeclaras
468 491 599 542 generi
620 491 826 529 actiones?
873 493 936 528 Tu
958 498 1090 528 tamen
1111 490 1227 528 velim
1249 505 1298 529 ne
1319 490 1563 538 intermittas,
1585 502 1602 532 5

233 559 340 607 quod
369 557 451 595 eius
479 559 604 595 facere
635 556 790 606 poteris,
821 555 990 594 scribere
1019 557 1070 594 ad
1100 569 1174 601 me,
1198 555 1315 594 etiam
1345 555 1377 593 si
1406 569 1487 593 rem
1515 556 1565 594 de

232 636 309 671 qua
340 622 484 660 scribas
517 636 597 659 non
630 620 805 660 habebis.
871 623 1034 670 Semper
1065 620 1170 659 enim
1205 621 1387 658 adferunt
1416 619 1565 669 aliquid

234 687 328 725 mihi
355 696 443 725 tuae
469 687 628 725 litterae.

288 752 474 791 Galeonis
505 751 763 790 hereditatem
792 750 905 790 crevi.
967 753 1068 789 Puto
1098 750 1203 789 enim
1233 750 1447 790 cretionem
1478 749 1566 788 sim-

234 818 376 867 plicem
406 817 535 864 fuisse,
559 816 748 866 quoniam
778 817 829 854 ad
860 830 922 855 me
952 817 1060 854 nulla
1090 815 1207 854 missa
1236 823 1304 854 est.
1365 828 1439 853 Vlll
1469 816 1565 854 Idus
1588 830 1626 852 10

236 883 407 920 Martias.

278 979 395 1014 XIII
471 982 539 1013 Ser.
561 980 726 1012 Brundisi
739 982 805 1012 circ.
825 980 907 1013 med.
929 992 973 1011 m.
995 980 1093 1011 Mati.
1113 991 1144 1011 α.
1167 990 1225 1020 707
1245 980 1331 1021 (47).

657 1059 832 1089 CICERO
857 1058 1029 1089 ATTICO
1055 1057 1151 1089 SAL.

198 1147 213 1173 1
288 1137 324 1172 A
356 1136 547 1173 Murenae
586 1134 725 1172 liberto
764 1133 861 1171 nihil
899 1134 1031 1172 adhuc
1069 1146 1299 1183 acceperam
1337 1131 1561 1171 litterarum.

237 1202 274 1237 P.
306 1200 409 1238 Siser
437 1199 662 1238 reddiderat
694 1213 759 1237 eas
791 1198 935 1249 quibus
969 1198 1151 1236 rescribo.
1216 1200 1277 1236 De
1307 1197 1413 1236 Servi
1445 1197 1564 1247 patris
1586 1214 1624 1246 15

233 1265 368 1303 litteris
393 1266 500 1314 quod
528 1264 675 1312 scribis,
699 1264 791 1302 item
814 1263 1009 1312 Quintum
1038 1263 1077 1300 in
1105 1263 1254 1312 Syriam
1278 1263 1431 1302 venisse
1455 1265 1563 1313 quod

232 1330 288 1368 ais
313 1344 398 1368 esse
425 1330 491 1379 qui
520 1329 713 1376 nuntient,
738 1343 786 1367 ne
811 1328 851 1367 id
872 1328 1034 1378 quidem
1056 1342 1190 1366 verum
1216 1336 1284 1367 est.
1346 1330 1466 1377 Quod
1488 1343 1565 1367 cer-

233 1395 371 1433 tiorem
400 1404 436 1433 te
464 1395 520 1432 vis
551 1394 632 1432 fieri
656 1408 736 1444 quo
766 1394 934 1444 quisque
963 1394 1003 1431 in
1034 1407 1097 1432 me
1127 1394 1260 1432 animo
1288 1394 1336 1432 sit
1359 1402 1426 1432 aut
1450 1395 1564 1433 fuerit

233 1474 368 1499 eorum
401 1460 467 1510 qui
503 1462 579 1497 huc
611 1467 813 1506 venerunt,
846 1459 1045 1498 neminem
1081 1459 1211 1497 alieno
1243 1459 1424 1498 intellexi.
1485 1461 1563 1499 Sed

233 1533 424 1574 quantum
465 1525 504 1563 id
539 1539 627 1563 mea
666 1524 816 1563 intersit
849 1524 1069 1562 existimare
1101 1532 1138 1562 te
1173 1538 1289 1574 posse
1328 1532 1434 1562 certo
1469 1525 1559 1563 scio.
1585 1539 1625 1560 20

236 1591 336 1628 Mihi
358 1604 447 1628 cum
473 1590 607 1628 onmia
627 1590 704 1628 sint
726 1590 985 1628 intolerabilia
1005 1591 1055 1628 ad
1077 1591 1267 1637 dolorem,
1290 1597 1373 1627 tum
1395 1590 1563 1628 maxime

234 1657 342 1705 quod
370 1656 409 1693 in
437 1670 521 1694 eam
551 1669 709 1693 causam
738 1656 891 1694 venisse
922 1670 984 1694 me
1013 1655 1129 1694 video
1157 1663 1198 1693 ut
1225 1657 1307 1693 sola
1335 1655 1443 1693 utilia
1468 1655 1563 1693 mihi

234 1735 318 1759 esse
340 1721 545 1759 videantur
565 1735 666 1771 quae
688 1736 842 1772 semper
862 1722 981 1761 nolui.

290 1789 330 1824 P.
351 1789 562 1825 Lentulum
579 1796 728 1837 patrem
748 1788 882 1827 Rhodi
899 1802 984 1827 esse
1004 1788 1124 1835 aiunt,
1141 1788 1410 1826 Alexandreae
1428 1786 1560 1833 filium,

238 1854 464 1902 Rhodoque
495 1854 783 1892 Alexandream
815 1855 858 1893 C.
890 1854 1072 1893 Cassium
1107 1855 1326 1903 profectum
1358 1866 1442 1890 esse
1474 1866 1564 1890 con-
1586 1868 1622 1900 25

193 1929 216 1955 2
236 1926 320 1956 stat.
372 1919 545 1967 Quintus
567 1920 660 1957 mihi
684 1935 751 1970 per
767 1921 912 1958 litteras
933 1920 1024 1958 satis
1046 1919 1137 1957 facit
1158 1921 1283 1957 multo
1302 1918 1563 1968 asperioribus

235 1984 362 2022 verbis
391 1999 510 2034 quam
545 2000 635 2023 cum
670 1986 896 2036 gravissime
929 1985 1151 2023 accusabat.
1212 1984 1277 2022 Ait
1311 1983 1415 2022 enim
1447 1998 1487 2021 se
1517 1998 1563 2021 ex

234 2049 367 2088 litteris
396 2050 470 2087 tuis
498 2051 721 2101 intellegere
748 2051 817 2089 tibi
846 2064 926 2088 non
954 2052 1107 2100 placere
1132 2050 1240 2099 quod
1266 2049 1315 2087 ad
1342 2049 1485 2086 multos
1513 2049 1563 2086 de

235 2129 296 2153 me
330 2117 504 2166 asperius
539 2116 744 2166 scripserit,
774 2116 906 2165 itaque
941 2129 981 2153 se
1016 2114 1214 2164 paenitere
1244 2114 1352 2163 quod
1385 2113 1562 2150 animum

235 2189 345 2219 tuum
381 2181 612 2225 offenderit;
653 2182 722 2219 secl
758 2194 798 2219 se
834 2180 914 2218 iure
954 2179 1101 2218 fecisse.
1169 2178 1325 2217 Deinde
1360 2177 1563 2227 perscribit
1583 2189 1622 2219 50

276 2298 294 2324 4
320 2285 504 2315 accessisse
533 2284 643 2315 Mam:
678 2284 851 2323 accepisse
878 2282 919 2312 M
1058 2294 1100 2314 ρο
1125 2286 1217 2313 certo
1247 2280 1316 2311 Os:
1351 2285 1443 2311 certe
1461 2280 1567 2310 RPM

234 2330 260 2359 L
281 2332 434 2368 mmrgst,
454 2329 490 2366 cs.
511 2329 554 2358 ix,
576 2339 592 2367 7
606 2328 626 2358 b
643 2338 662 2357 2
794 2337 832 2358 21
861 2331 938 2357 sunt
956 2325 1050 2356 Man.
1173 2336 1214 2355 22
1239 2329 1273 2355 ut
1291 2335 1331 2355 ea
1348 2325 1420 2354 sola
1438 2324 1558 2355 Lamb.

231 2384 273 2411 29
297 2372 470 2411 scripserit
488 2371 628 2402 Rosius:
653 2371 787 2410 scripsit
804 2370 842 2400 M
